3028 4365
1474 620 1511 673 4

426 763 527 809 etsi
563 759 932 811 benevolentia
969 777 1290 811 summarum
1327 761 1482 810 huius
1520 763 1668 827 regni
1685 764 2007 826 potestatum
2032 764 2245 814 adiutus
2272 765 2551 828 impetrare

425 864 531 898 non
568 851 739 914 pot-ui,
776 852 838 898 ut
875 849 1104 898 codicem
1141 849 1649 913 praestantissimum
1679 850 1731 895 et
1753 863 1871 895 cum
1894 851 2164 914 impressis
2186 848 2333 898 libris
2354 852 2407 898 et
2430 864 2551 899 cum

429 952 492 984 ea
529 935 806 984 collatione
845 952 1001 1000 quam
1039 933 1275 1000 Silligius
1312 933 1441 983 Lud.
1478 933 1591 981 Iani
1640 948 1765 980 cura
1799 949 1930 982 usus
1966 934 2205 985 exhibuit
2249 949 2551 1000 comparare

423 1023 617 1072 liceret.

569 1121 678 1171 Sex
706 1125 882 1170 autem
908 1120 1076 1169 modis
1098 1119 1325 1168 Plinium
1354 1119 1616 1168 emenda-ri
1636 1119 1811 1168 video:
1847 1119 2135 1181 restituendo,
2173 1119 2550 1186 interpunyevidm

423 1206 661 1268 mutandO,
699 1206 1053 1273 transponendo,
1090 1204 1298 1266 delend0‚
1332 1204 1603 1271 supplendo.
1653 1203 1725 1253 Et
1744 1204 1893 1271 primi
1919 1205 2128 1271 quidem
2158 1208 2381 1273 generis,
2413 1204 2553 1272 quod

424 1313 529 1346 non
577 1299 630 1346 in
678 1295 972 1362 spernenda
1021 1293 1113 1344 sed
1160 1293 1473 1343 restauranda
1517 1293 1766 1343 librorum
1816 1309 1938 1343 mss.
1988 1296 2246 1359 scriptura
2294 1297 2552 1358 versatur,

424 1400 586 1448 unum
624 1387 676 1431 et
713 1382 1036 1432 luculentum
1077 1381 1375 1446 exemplum
1413 1397 1715 1446 proponam.

1473 1606 1511 1684 I.

566 1752 830 1819 XXXIV,
869 1755 950 1803 47.
989 1754 1052 1805 de
1089 1754 1361 1804 Zenodoro
1401 1754 1675 1821 disputans
1715 1753 1911 1804 addidit
1947 1752 2170 1803 Plinius:

711 1860 983 1916 Statuam
1028 1862 1398 1916 Avernorum
1446 1883 1627 1936 quum
1670 1862 1923 1926 faceret,
1970 1861 2306 1934 provinciae
2353 1859 2552 1915 Dubio

592 1961 771 2014 Avito
818 1961 1222 2032 praesidente,
1284 1962 1402 2015 duo
1448 1961 1668 2035 pocula
1715 1959 2037 2015 Calamidis
2083 1979 2262 2013 manu
2307 1959 2555 2025 caelata,

593 2081 745 2136 quae
793 2059 1002 2116 Cassio
1049 2060 1250 2117 Silano
1298 2062 1591 2117 avunculo
1640 2063 1764 2116 eius
1820 2060 2194 2133 praeceptori
2247 2079 2354 2114 suo
2406 2057 2557 2114 Ger-

593 2163 861 2214 manicus
910 2159 1134 2214 Caesar
1190 2161 1471 2214 adamata
1517 2163 1868 2225 donaverat,
1928 2160 2268 2213 aemulatusx
2319 2166 2434 2224 est,
2493 2166 2559 2212 ut

595 2259 692 2312 vix
736 2258 860 2312 ulla
905 2258 1237 2312 differentia
1283 2266 1443 2313 esset
1490 2260 1647 2316 artis.

572 2383 729 2434 Silani
765 2400 979 2449 nomen,
1019 2385 1157 2448 quod
1193 2386 1354 2451 vulgo
1394 2387 1693 2452 legebatur,
1740 2390 1951 2435 minime
1990 2386 2054 2434 ad
2092 2384 2328 2434 Cassiam
2366 2385 2458 2433 sed
2496 2384 2561 2433 ad

430 2473 634 2523 Iuniam
691 2475 900 2537 gentem
962 2473 1223 2536 pertinere
1278 2489 1439 2536 quum
1496 2489 1674 2522 secum
1730 2476 2027 2538 reputasset
2081 2472 2331 2522 Italorum
2387 2472 2562 2538 decus,

430 2559 775 2624 Burghesius,
814 2558 980 2605 annal.
1017 2561 1177 2607 instit.
1216 2560 1436 2608 archeol.
1465 2562 1566 2609 vol.
1595 2560 1748 2625 XXI,
1786 2578 1833 2625 p.
1866 2561 1946 2608 22.
1986 2558 2146 2610 Cassio
2175 2577 2202 2608 e
2228 2563 2563 2625 praenomine

435 2646 549 2698 Caio
587 2646 722 2693 male
759 2646 1023 2693 intellecto
1063 2651 1235 2694 ortum
1275 2664 1390 2695 esse
1430 2651 1765 2696 existimavit.
1840 2649 2039 2695 Verum
2087 2651 2139 2695 in
2186 2648 2348 2695 altero
2387 2650 2563 2712 potius

433 2732 690 2784 vocabulo
730 2735 1002 2797 peccatum
1042 2748 1158 2780 esse
1197 2737 1390 2798 optime
1430 2733 1796 2782 animadvertit
1818 2733 2067 2799 Silligius‚
2107 2736 2297 2798 quippe
2337 2733 2475 2797 quod
2512 2736 2565 2780 in

435 2823 546 2872 solo
574 2820 683 2870 cod.
704 2820 739 2867 h
770 2819 1080 2884 (Parisiensi
1100 2821 1277 2885 6801.)
1298 2824 1656 2869 recentissimo
1679 2826 1731 2869 et
1760 2821 1910 2869 foede
1937 2821 2248 2887 interpolato
2273 2823 2565 2885 reperisset.

431 2909 643 2973 Reliqui
682 2910 901 2972 ‘praeter
938 2905 1383 2972 Bambergensem
1432 2924 1611 2955 omnes
1660 2924 1765 2955 non
1801 2905 1964 2956 Silano
2014 2906 2107 2955 sed
2142 2905 2319 2956 Salano
2366 2907 2565 2972 legunt,

430 3014 569 3048 unus
606 2995 1016 3060 Bambergensis
1057 2990 1248 3043 Calano.
1324 2993 1494 3054 Quem
1533 2995 1827 3060 religiosius
1868 3010 2023 3059 quam
2072 3012 2167 3059 par
2205 2998 2316 3041 erat
2354 2998 2566 3042 secutus

433 3085 670 3151 Silligius
710 3084 776 3132 ad
814 3083 1304 3149 gymnosophistam
1341 3083 1486 3131 illum
1524 3083 1813 3131 Alexandri
1853 3083 2124 3147 aequalem
2162 3083 2398 3148 confugit
2435 3082 2567 3131 Cas-

433 3176 675 3237 siumque
712 3187 806 3236 pro
847 3170 1048 3219 Graeco
1100 3171 1416 3236 philosopho
1463 3170 1670 3235 habuit,
1721 3174 1810 3234 qui
1856 3188 1886 3218 a
1923 3170 2225 3219 Cassiorum
2271 3171 2443 3235 aliquo
2481 3171 2569 3219 vel

432 3264 545 3325 ipse
582 3259 669 3307 vel
708 3262 859 3323 pater
897 3255 1099 3307 a'vusve
1138 3261 1492 3306 manumissus
1530 3258 1629 3305 hoc
1667 3274 1857 3305 nomen
1895 3261 2195 3322 accepisset.
2250 3257 2330 3305 Ita
2362 3257 2567 3306 Dubius

432 3346 518 3396 ille
555 3344 752 3395 Avitus
807 3349 1026 3394 summis
1076 3344 1380 3395 muneribus
1439 3344 1653 3393 functus
1712 3343 1801 3409 (cf.
1839 3343 1960 3393 Tac.
2006 3360 2120 3391 ann.
2158 3343 2306 3409 XIII,
2348 3344 2453 3410 54.)
2504 3343 2568 3392 ab
