3028 4365
1456 566 1530 623 22

435 724 610 761 errore
646 711 782 760 male
817 712 940 776 post
971 709 1286 759 vocabulum
1319 707 1467 774 ponito
1502 712 1701 759 inserta
1736 714 1887 775 sunt,
1933 708 2072 759 unde
2116 710 2315 758 factum
2350 714 2462 775 est,
2494 713 2558 759 nt

430 801 802 865 grammaticus
831 798 921 863 qui
949 796 1160 846 saeculo
1181 800 1367 862 quarto
1391 795 1718 846 libran‘orum
1745 811 1949 846 errores
1975 795 2252 845 emendare
2269 809 2555 862 aggresus

429 890 526 952 est,
563 901 726 950 quum
755 901 857 949 quo
888 883 1203 933 vocabulum
1240 883 1397 933 eodem
1433 884 1654 933 referret
1690 900 1795 933 non
1830 884 2067 950 haberet,
2098 882 2413 933 vocabulum
2436 881 2558 950 fecit

428 975 669 1039 proximo
718 975 1020 1037 corruptum
1080 974 1407 1021 existimaret
1465 976 1518 1020 et
1565 974 1617 1021 in
1668 971 1720 1021 id
1776 969 1915 1037 quod
1967 989 2105 1021 nune
2162 970 2385 1037 legimus
2447 967 2557 1021 vicit

419 1063 659 1108 mutaret.

1430 1225 1556 1303 XII.

702 1390 946 1461 XXXV,
985 1394 1067 1438 99.
1140 1388 1337 1441 Pinxit
1391 1399 1450 1442 et
1504 1396 1803 1442 currentes
1850 1387 2170 1464 quadrigas
2224 1394 2283 1440 et
2327 1386 2554 1462 suppli—

595 1492 831 1543 cantem
873 1504 1065 1559 paene
1114 1504 1247 1543 cum
1291 1505 1464 1554 voce,
1525 1494 1584 1544 et
1626 1494 1939 1544 venatores
1987 1504 2123 1542 cum
2167 1494 2441 1560 captura,
2494 1494 2554 1543 et

594 1584 892 1639 Leontion
917 1583 1184 1657 Epicuri,
1232 1593 1290 1640 et
1323 1606 1816 1659 anapauomenen
1862 1591 2104 1659 propter
2146 1584 2342 1639 fratris
2388 1606 2553 1640 amo-

590 1704 738 1750 rem,
772 1684 913 1738 item
943 1680 1225 1739 Liberum
1250 1692 1481 1757 patrem
1506 1692 1566 1740 et
1593 1685 1958 1739 Attamenen
1988 1691 2292 1757 spectatos
2324 1683 2549 1739 Romae

586 1782 646 1836 in
690 1781 839 1836 aede
886 1779 1132 1837 Cereris.

563 1907 727 1960 Plura
774 1908 821 1958 h.
869 1908 900 1958 l.
948 1908 1074 1958 ferri
1123 1913 1402 1973 nequeunt.
1475 1909 1710 1961 Primum
1756 1910 2015 1960 Leontion
2066 1910 2282 1977 Epicuri
2331 1911 2551 1959 amicam

421 1995 487 2046 ab
506 1993 752 2045 Aristide*
775 1997 869 2045 vix
906 1995 1052 2060 pingi
1088 1997 1323 2059 potuisse
1361 1999 1502 2046 recte
1538 1994 1805 2047 Brunnius
1842 1996 1908 2063 II,
1946 2015 1993 2063 p.
2016 1997 2129 2048 161.
2168 1994 2549 2062 animadveffcit„

421 2100 579 2148 quum
628 2081 890 2146 Epicurus
938 2086 1059 2147 post
1105 2081 1168 2130 ol.
1206 2080 1457 2148 CXVIII,
1503 2083 1547 2132 2.
1576 2080 1835 2133 ·Athenas
1881 2083 2093 2134 redierit
2139 2088 2192 2134 et
2235 2082 2306 2133 ibi
2351 2082 2549 2148 aliquot

421 2174 571 2218 annis
620 2174 742 2235 post
791 2169 1049 2216 celebrem
1096 2170 1238 2216 illam
1286 2187 1405 2217 cum
1450 2171 1670 2218 Leontio
1720 2173 2150 2220 consuetudinem
2207 2173 2548 2234 contraxerit3

418 2255 681 2306 Aristides
719 2260 894 2304 autem
931 2259 1069 2304 circa
1106 2257 1168 2304 ol.
1191 2256 1245 2303 C.
1274 2257 1460 2304 florere
1498 2261 1742 2322 coeperit.
1792 2258 1995 2306 Deinde
2034 2275 2160 2307 num
2197 2273 2549 2322 anapauomene

419 2344 622 2393 Canace
660 2359 794 2408 quae
833 2359 890 2391 se
926 2346 1041 2408 ipsa
1078 2346 1241 2408 quieti
1279 2347 1596 2392 commiserit
1633 2347 1661 2392 i.
1699 2360 1741 2392 e.
1778 2345 2100 2393 interfecerit
2125 2343 2329 2392 'Graece
2366 2343 2549 2409 appel-

417 2430 514 2480 lari
562 2432 817 2495 potuerit,
866 2428 1208 2478 vehementer
1251 2429 1456 2495 dubito,
1504 2446 1664 2495 quum
1702 2430 1968 2479 Ariadnen
2018 2432 2212 2495 optime
2260 2432 2335 2478 ita
2368 2432 2547 2479 vocari

418 2521 692 2584 appareat3
729 2516 952 2581 denique
978 2516 1263 2566 Artamenen
1292 2531 1446 2581 quem
1479 2532 1573 2582 pro
1610 2517 1830 2584 vulgata
1868 2519 2127 2583 scriptura
2154 2515 2400 2565 Ariadnen
2436 2515 2545 2565 cod.

414 2604 821 2671 Bambergensis
849 2602 1063 2653 exhibet
1095 2620 1373 2670 quemnam
1399 2604 1754 2671 intelligamus
1784 2607 2065 2672 quaeritur.
2111 2603 2186 2654 Ut
2205 2603 2355 2654 brevi
2377 2603 2545 2654 dicam

416 2693 557 2760 quod
595 2694 795 2744 sentio:
842 2707 1003 2758 quum
1038 2691 1322 2744 Persarum
1359 2692 1536 2760 rebuS,
1584 2692 1841 2759 moribus,
1887 2696 2218 2745 vestimentis
2255 2692 2545 2744 Alexandri

412 2780 661 2847 aequales
699 2778 1101 2846 delectarentur,
1148 2778 1410 2831 Aristides
1449 2796 1511 2831 ea
1548 2784 1858 2846 argumenta
1895 2781 2125 2833 excoluit
2163 2780 2354 2847 quibus
2391 2796 2545 2847 prae-

411 2873 564 2935 cipue
602 2868 894 2918 animorum
931 2883 1119 2917 sensus
1170 2869 1223 2916 et
1259 2865 1678 2932 perturbationes
1724 2865 2134 2919 declararentur:
2180 2865 2543 2919 celeberrimas

407 2972 591 3021 preces
643 2971 775 3018 quas
822 2969 916 3018 pro
963 2953 1124 3002 fratre
1170 2953 1502 3018 Intaphernis
1551 2971 1688 3003 uxor
1736 2972 1910 3003 coram
1956 2955 2117 3004 Dario
2163 2972 2287 3019 rege
2333 2953 2544 3003 fuderat

407 3043 497 3109 (cf.
524 3041 716 3089 Herod.
755 3040 847 3106 ΙΙΙ7
889 3039 1053 3106 119.)7
1091 3040 1339 3088 iudicium
1378 3039 1629 3088 nobilium
1667 3040 1730 3088 de
1769 3058 1929 3105 regno
1968 3045 2060 3089 aut
2089 3039 2262 3089 Xerxi
2300 3044 2392 3088 aut
2430 3042 2543 3089 eius

405 3132 582 3196 fratri,
632 3145 788 3194 quem
834 3129 1156 3176 Plutarchus
1201 3128 1318 3174 frat.
1368 3144 1464 3174 am.
1507 3128 1584 3174 18.
1622 3127 1967 3193 Ariamenen,
2022 3128 2270 3175 Herodot.
2317 3127 2446 3192 VII,
2498 3128 2542 3174 2.

403 3215 772 3264 Artabazanen
823 3215 1076 3281 appellat,
1127 3214 1423 3263 deferendo.
1498 3214 1781 3262 Praeterea
1825 3213 2105 3264 Leontium
2154 3217 2327 3263 virum
2376 3229 2543 3278 quen-

404 3303 523 3352 dam
550 3302 859 3352 Thebanum
896 3305 1093 3369 pinxit,
1132 3304 1284 3351 cuius
1321 3316 1511 3350 nomen
1550 3302 1926 3367 grammaticus
1965 3304 2211 3366 antiquus
2249 3299 2387 3349 idem
2425 3314 2540 3347 esse
