3028 4365
1481 642 1516 695 6

431 784 627 832 tionem
673 785 815 848 regis
861 782 1059 832 fecerat
1075 781 1146 849 ⁸),
1206 785 1282 832 ita
1327 783 1601 850 Thespiis,
1647 798 1803 847 quam
1845 780 2029 831 urbem
2086 797 2118 830 a
2160 779 2393 846 Philippi
2436 778 2556 830 inde

434 873 605 919 aetate
633 869 983 919 Macedonum
1005 870 1220 936 regibus
1251 871 1453 920 favisse
1483 873 1710 935 constat,
1745 872 2026 931 utrumque
2055 883 2187 932 opus
2214 866 2557 933 Euthycratb

429 973 587 1005 manu
625 957 825 1004 factum
862 957 1173 1005 collocatum
1212 962 1304 1006 est.

1446 1170 1534 1249 111.

710 1316 947 1384 XXXV,
986 1320 1067 1368 93-
1141 1321 1425 1376 Mirantur
1478 1322 1603 1375 eius
1656 1318 1935 1392 (Apellis)
1981 1316 2328 1371 Habronem
2375 1314 2551 1384 Sami,

594 1416 986 1473 Menandrum
1030 1439 1232 1493 regem
1280 1418 1486 1474 Cariae
1534 1417 1743 1483 Rhodi,
1788 1417 1930 1472 item
1974 1415 2290 1470 Antaeum.

572 1542 753 1593 Cariae
810 1562 986 1611 regem
1039 1546 1386 1596 Menandrum
1442 1546 1643 1595 nullum
1700 1547 1907 1592 omnino
1963 1544 2238 1608 novimus,
2310 1545 2552 1591 novimus

427 1627 717 1679 Alexandri
768 1630 951 1680 ducem
1001 1635 1089 1697 qui
1139 1637 1191 1680 et
1242 1649 1364 1698 rege
1410 1635 1535 1681 vivo
1586 1636 1638 1679 et
1687 1633 1892 1678 mortuo
1948 1644 2040 1694 per
2086 1628 2294 1694 aliquod
2343 1633 2552 1694 tempus

427 1715 647 1782 Lydiam
693 1721 829 1766 rexit
879 1718 1202 1784 eundemque
1241 1717 1494 1784 Antigoni
1533 1719 1905 1767 amicissimum
1924 1714 1989 1780 ⁴):
2045 1714 2168 1780 quid
2215 1718 2376 1781 igitur
2411 1719 2553 1765 veri—

430 1803 649 1851 similius
679 1808 760 1852 est
790 1821 945 1868 quam
973 1804 1169 1871 Lydiae
1206 1810 1469 1869 satrapam
1501 1803 1692 1854 Samiis
1722 1806 1909 1852 vicinis
1941 1801 2004 1850 ab
2034 1817 2095 1850 eo
2127 1802 2322 1851 artifice
2354 1806 2552 1867 pictum

426 1904 543 1937 esse
592 1893 681 1954 qui
730 1889 930 1956 Ephesi
979 1894 1008 1938 i.
1059 1907 1099 1939 e.
1149 1894 1203 1939 in
1248 1894 1363 1956 ipsa
1410 1889 1687 1938 Menandri
1736 1890 2006 1954 provincia
2060 1887 2274 1953 degeret
2329 1893 2381 1937 et
2433 1895 2553 1955 post

426 1974 715 2025 Alexandri
772 1983 994 2027 mortem
1048 1977 1315 2044 Antigono
1375 1994 1430 2027 se
1491 1976 1864 2044 applicuisset?
1894 1974 1935 2042 ⁵)
2001 1974 2124 2040 quid
2178 1992 2331 2041 porro
2385 1980 2554 2044 magis

425 2061 690 2126 probabile
742 2079 899 2127 quam
946 2063 1146 2128 aliquot
1191 2067 1340 2113 annis
1388 2069 1544 2112 antea
1590 2066 1746 2112 unius
1792 2079 1819 2111 e
1858 2062 2042 2111 Cariae
2090 2063 2286 2127 regulis
2331 2079 2553 2128 quorum

424 2150 639 2212 imperio
679 2149 898 2198 Rhodus
936 2149 1178 2215 parebat,
1215 2150 1370 2199 Idriei
1396 2151 1482 2199 vel
1507 2149 1772 2214 Pixodari,
1812 2148 1950 2213 quod
1981 2148 2378 2214 praeferendum
2403 2149 2553 2199 vide-

426 2240 537 2302 tur,
576 2238 857 2301 imaginem
893 2236 1067 2286 Rhodi
1103 2237 1269 2287 fuisse
1308 2236 1653 2288 collocatam?
1700 2234 1874 2296 Quum
1903 2238 2066 2302 igitur
2094 2238 2146 2285 in
2171 2234 2552 2286 cod.Vossiano

425 2323 752 2371 eminandmm
777 2327 1029 2389 seriptum
1064 2328 1399 2391 reperiamus,
1438 2329 1490 2373 in
1530 2324 1998 2389 cod.Pollingensi,
2036 2326 2184 2372 euius
2224 2340 2347 2372 sane
2386 2325 2554 2372 minor

426 2418 505 2460 est
543 2415 852 2477 auctoritaS,
896 2421 937 2460 et
963 2412 1305 2472 Menandrum,
1341 2413 1481 2460 haud
1518 2412 1671 2460 dubie
1711 2410 2042 2458 scribendum
2082 2414 2198 2458 erit:

709 2526 996 2581 Mirantur
1039 2528 1165 2582 eius
1211 2527 1557 2584 Habronem
1590 2527 1749 2583 Sami
1797 2534 1855 2581 et
1899 2527 2301 2596 Menandrum,
2346 2550 2548 2604 regem

595 2624 803 2679 Cariae
849 2625 1044 2678 Rhodi
1090 2633 1149 2679 et
1192 2625 1508 2680 Antaeum.

544 2858 576 2911 ³)
610 2864 712 2900 Plin.
745 2863 770 2899 l.
805 2877 838 2900 c.
887 2863 991 2899 Plut.
1023 2862 1140 2899 Alex.
1173 2864 1242 2899 40.

545 2956 576 3011 ⁴)
609 2961 667 3000 Cf.
703 2961 865 2999 Arrian.
898 2961 977 3009 111,
1011 2962 1051 2999 6.
1091 2961 1193 3009 VII,
1227 2962 1295 3001 23.
1358 2962 1473 3000 Phot.
1506 2962 1601 3001 bibl.
1642 2976 1677 3015 p.
1714 2963 1788 3001 64·
1825 2958 1899 3000 69⁶
1937 2963 1996 3001 ed.
2038 2963 2206 3001 Bekker.
2268 2963 2400 3002 Krebs
2440 2965 2545 3004 lectt.

422 3037 590 3076 Diodor.
622 3049 658 3087 p.
685 3037 753 3075 29.

541 3130 574 3184 ⁵)
606 3135 771 3174 Praeter
798 3135 1045 3187 Antigonum
1078 3135 1207 3186 ipsum
1240 3138 1279 3172 et
1311 3134 1613 3186 Neoptolemum
1646 3135 1775 3187 pinxit
1805 3149 1880 3174 non
1914 3149 2023 3184 eum,
2055 3136 2103 3175 de
2125 3150 2202 3189 quo
2226 3138 2423 3178 Brunnius
2454 3139 2545 3178 hist.

413 3212 515 3251 artif.
548 3212 600 3258 Π,
636 3225 673 3262 p.
700 3212 797 3250 211.
826 3210 1029 3264 cogitavit,
1060 3209 1304 3263 transfugam
1336 3215 1385 3259 et,
1417 3209 1508 3249 dum
1541 3210 1867 3249 Halicarnassum
1900 3218 2036 3250 contra
2059 3211 2328 3253 Alexandrum
2360 3213 2546 3261 defendit,

413 3288 606 3336 occisum,
638 3286 709 3327 sed
742 3294 940 3340 satrapam
972 3285 1204 3333 Armeniae,
1237 3291 1277 3326 et
1308 3285 1549 3326 Archelaum
1581 3285 1915 3338 Mesopotamiae,
1947 3292 1987 3326 et
2017 3286 2179 3327 alterum
2213 3286 2373 3339 Clitum,
2405 3288 2546 3330 Candi-

415 3364 531 3410 dum,
565 3370 608 3404 ut
642 3364 797 3404 videtur
828 3363 984 3414 Lydiae
1015 3369 1230 3411 rectorem,
1263 3375 1399 3402 omnes
1431 3362 1600 3402 sortasse
1631 3366 1723 3414 post
1754 3362 1892 3402 foedus
1925 3363 2169 3415 Triparadisi
2201 3364 2357 3405 factum.
