3028 4365
1470 581 1506 632 9

442 720 536 774 sed
587 720 866 770 manifesto
915 720 1305 785 interpolat-um:
1354 729 1460 785 post
1504 720 1646 770 LVI.
1698 738 1874 769 annum
1922 737 2104 769 rasura
2150 720 2390 769 effectum
2449 724 2545 785 est,

443 811 598 857 antea
642 807 815 856 fuerat
850 806 944 857 LL
956 805 1038 856 VI.
1112 806 1173 855 In
1221 806 1500 872 archetypo
1549 810 1709 872 igitur
1747 808 2029 872 exemplari
2074 823 2299 856 errorem
2348 806 2546 856 scribae

442 896 532 958 qui
568 909 729 959 quum
765 891 959 941 LXVI.
997 891 1222 941 scribere
1260 891 1495 957 deberet,
1532 896 1756 957 primum
1794 895 2001 958 signum
2038 896 2339 959 repetierat,
2377 895 2421 940 is
2460 895 2549 957 qui

445 979 674 1029 codicem
705 978 1146 1044 Bambergensem
1184 981 1392 1043 scripsit
1427 982 1573 1027 initio
1612 984 1823 1028 secutus
1862 984 1956 1044 est,
1996 979 2177 1028 deinde
2216 982 2441 1027 correxit
2477 982 2552 1028 ita

440 1071 502 1116 ut
538 1069 770 1115 sincerae
806 1065 1045 1113 lectionis
1081 1066 1365 1129 vestigium
1402 1065 1730 1128 relinqueret.

581 1168 823 1219 Alterum
852 1171 1040 1217 vitium
1062 1184 1165 1216 non
1195 1167 1673 1217 animadverterunt
1689 1171 1789 1217 viri
1820 1168 1969 1216 docti.
2016 1168 2150 1215 Nam
2187 1185 2347 1233 quum
2379 1173 2553 1218 statua

439 1254 698 1323 Apollinis
735 1255 969 1306 colossea
1006 1273 1161 1320 quam
1190 1253 1540 1320 Apolloniatis
1578 1257 1631 1305 in
1666 1253 1835 1304 Ponto
1872 1251 2099 1303 Calamis
2134 1253 2358 1319 fecerat,
2399 1257 2553 1319 quin-

438 1346 613 1410 gentis
657 1344 869 1392 talentis
914 1346 1237 1392 constitisset
1285 1341 1374 1408 (cf.
1412 1340 1440 1407 ἓ
1480 1342 1572 1408 39)
1621 1357 1784 1408 eaque
1830 1343 2047 1407 triginta
2092 1340 2386 1389 cubitorum
2435 1341 2555 1390 alti-

439 1429 674 1480 tudinem
694 1446 797 1479 non
817 1429 1093 1479 excederet
1131 1428 1219 1495 (cf.
1257 1428 1285 1494 g
1309 1429 1425 1495 39),
1464 1431 1553 1494 qui
1583 1430 1842 1493 convenit,
1879 1431 1938 1476 ut
1965 1427 2121 1493 duplo
2156 1430 2324 1476 maius
2351 1430 2557 1493 signum

437 1516 726 1583 Rhodium,
781 1515 902 1583 quod
946 1514 1239 1581 septuaqinta
1287 1515 1539 1565 whitorum
1597 1515 1856 1565 altitudinis
1900 1515 2067 1563 fuisse
2117 1518 2170 1562 et
2217 1519 2372 1581 poeta
2421 1514 2558 1581 apud

441 1603 751 1655 Strabonem
794 1601 942 1668 XIV,
980 1619 1026 1668 p.
1065 1602 1182 1652 652.
1219 1605 1272 1651 et
1306 1602 1510 1653 Plinius
1531 1602 1712 1653 eodem
1731 1602 1845 1652 loco
1890 1605 2130 1666 testa-tur,
2168 1604 2366 1651 minore
2390 1604 2557 1668 pretio

437 1690 668 1740 locatum
718 1706 834 1739 esse
880 1692 938 1738 in
986 1692 1213 1739 animum
1260 1690 1601 1740 inducamus?
1663 1690 1763 1739 His
1816 1694 1861 1739 si
1914 1689 2170 1739 addideris
2221 1694 2341 1757 post
2386 1694 2557 1738 terrae

437 1783 636 1829 motum
666 1777 731 1827 ab
770 1793 874 1827 uno
905 1777 1207 1828 Ptolemaeo
1240 1794 1363 1844 rege
1394 1782 1459 1837 εἰς
1488 1778 1582 1845 τὴν
1608 1785 1701 1831 τοῦ
1725 1785 1971 1832 κολοσσοῦ
1997 1778 2307 1843 κατασκευήν
2336 1778 2558 1831 τάλαντα

437 1867 701 1932 τριςχίλια,
750 1864 1050 1932 οἰκοδόμους
1085 1863 1289 1927 ἑκατόν,
1337 1863 1621 1936 &novet-(02³9
1665 1867 1980 1933 τριακοσίους
2014 1866 2097 1917 καὶ
2133 1863 2441 1932 πεντήκοντα
2477 1866 2561 1918 καὶ

436 1953 635 2012 τούτοις
677 1952 799 2006 καθ’
845 1960 1057 2006 ἕκαστον
1106 1956 1212 2011 ἔτος
1264 1958 1329 2011 εἷς
1373 1952 1604 2021 ὀψώνιον
1652 1953 1874 2005 τάλαντα
1922 1954 2254 2020 ὃεκατέτταρα
2304 1956 2559 2018 promissa

439 2058 555 2090 esse
600 2042 690 2107 (cf.
727 2041 905 2108 Polyb.
943 2042 1020 2106 V,
1069 2041 1176 2106 89.)
1225 2044 1429 2089 etiamsi
1476 2042 1564 2089 illa
1604 2042 1803 2089 talenta
1838 2044 2038 2089 minora
2084 2045 2136 2088 et
2185 2056 2347 2088 aenea
2392 2042 2557 2090 fuisse

438 2124 735 2195 putaveris,
790 2132 965 2176 tamen
1019 2129 1268 2176 trecentis
1314 2128 1524 2176 talentis
1571 2128 1792 2177 Rhodiis
1840 2128 1937 2176 hoc
1983 2132 2064 2176 est
2106 2127 2284 2177 Attico
2343 2130 2559 2176 minori-

437 2217 539 2267 bus
576 2220 776 2266 tantam
814 2215 1001 2264 molem
1038 2231 1103 2264 ne
1139 2219 1250 2264 tum
1289 2214 1497 2281 quidem
1536 2218 1739 2265 exstrui
1776 2218 2011 2282 potuisse
2047 2215 2322 2281 intelligeS,
2362 2218 2406 2264 si
2429 2231 2557 2264 vera

439 2307 560 2368 sint,
598 2318 730 2366 quae
768 2301 921 2350 valde
959 2306 1204 2366 suspecta
1228 2305 1461 2350 narravit
1484 2301 1680 2350 Sextus
1701 2301 1997 2367 Empiricus
2030 2301 2144 2348 adv.
2171 2302 2328 2349 math.
2366 2318 2412 2367 p.
2441 2303 2554 2350 156.

438 2389 513 2438 ed.
534 2388 842 2438 Col.Allobr.
869 2388 1016 2436 1621.
1047 2388 1312 2453 artificem,
1355 2404 1514 2455 quum
1542 2404 1597 2436 se
1632 2390 1898 2454 impensae
1931 2390 2179 2453 imparem
2207 2388 2443 2437 futurum
2472 2390 2554 2436 in-

436 2476 711 2543 telligeret,
750 2474 848 2524 sibi
884 2477 1055 2541 ipsum
1086 2479 1303 2523 mortem
1330 2477 1661 2523 conscivisse.
1699 2473 1836 2535 Quid
1865 2473 2064 2522 multa?
2101 2474 2242 2522 facili
2266 2477 2551 2523 mutatione

438 2580 535 2614 sua
571 2563 645 2612 illi
683 2565 825 2628 operi
862 2562 1088 2628 dignitas
1124 2561 1383 2628 reddetur,
1419 2561 1509 2610 ubi
1546 2576 1614 2610 ex
1652 2561 1835 2611 ultima
1872 2563 2094 2626 proximi
2113 2560 2354 2609 vocabuli
2378 2561 2554 2611 littera

438 2666 720 2701 numerum·
748 2646 930 2701 MCCC
960 2647 1140 2711 talentis
1177 2647 1424 2699 effeceris,

1465 2832 1532 2911 V.

581 2980 854 3031 Difficilior
890 2982 1113 3046 proximi
1147 2979 1246 3028 loci
1284 2984 1364 3028 est
1401 2980 1707 3044 emendatio,
1744 2979 1833 3029 ubi
1869 2979 1952 3029 lib.
1989 2978 2250 3046 XXXIV,
2293 2980 2322 3045 ξ
2360 2983 2439 3031 45.
2487 2984 2550 3035 de

438 3068 709 3121 Zenodoro
746 3068 976 3134 loquitur
1012 3066 1233 3118 Plinius:

721 3184 969 3242 Romam
1016 3182 1239 3240 accitus
1286 3203 1321 3238 a
1348 3181 1609 3251 Nerone,
1654 3182 1756 3239 ubi
1801 3182 2160 3238 destinatum
2204 3183 2357 3239 illius
2394 3186 2551 3258 prin-

609 3285 755 3357 cipis
816 3284 1129 3339 simulacro
1186 3283 1484 3338 colossum
1545 3283 1688 3338 fecit
1732 3281 1843 3339 CX
1901 3281 2121 3353 pedum
2165 3282 2551 3356 longitudine,

2254 3380 2275 3411 ο
