3028 4365
1485 558 1550 613 15

601 698 940 767 Τναηῳοεπᾙο,
967 699 1104 766 quod
1135 707 1351 768 quartum
1366 716 1514 767 ymas
1533 702 1969 766 enumeravimus,
1999 714 2155 765 quam
2174 698 2339 747 Porso
2361 699 2567 747 tutissi-

454 804 592 838 mam
643 788 932 855 corrigendi
980 791 1232 839 rationem
1281 804 1397 839 esse
1441 792 1581 839 recte
1626 788 2007 854 pronuntiavit,
2068 802 2223 851 quam
2271 785 2375 835 late
2428 784 2568 851 apud

452 874 680 925 Plinium
716 878 919 941 pateat,
955 875 1215 940 Bergkius
1252 878 1306 924 in
1343 873 1803 924 exercitationibus
1839 873 2091 922 Plinianis
2129 877 2280 921 acute
2319 889 2377 921 ac
2416 872 2567 922 docte

454 963 856 1029 demonstravit,
895 981 923 1012 e
960 962 1219 1028 prioribus
1255 978 1406 1010 nemo
1442 962 1684 1009 Pintiano
1722 961 1984 1008 sollertius
2021 960 2397 1008 animadvertit.
2454 960 2571 1009 Sci-

451 1050 575 1098 licet
621 1066 725 1098 non
770 1050 978 1116 singula
1020 1052 1224 1096 tantum
1273 1047 1529 1096 vocabula
1564 1047 1699 1095 male
1736 1047 1987 1095 collocata
2036 1051 2088 1095 et
2132 1063 2226 1094 suo
2265 1047 2377 1095 loco
2416 1051 2571 1095 resti-

459 1136 655 1184 tuenda
672 1140 809 1201 sunt,
829 1151 1012 1185 verum
1026 1136 1215 1199 integri
1234 1148 1437 1198 versus,
1456 1135 1691 1198 paginae,
1712 1132 1838 1179 folia
1858 1148 2104 1197 perverso
2125 1133 2382 1180 interdum
2397 1133 2574 1182 ordine

453 1220 710 1286 disposita
746 1224 1094 1270 inveniuntur.
1160 1219 1308 1280 Quae
1343 1222 1475 1267 vitia
1511 1222 1700 1284 partim
1737 1218 1802 1265 ad
1840 1233 2017 1266 eorum
2057 1219 2341 1267 scribarum
2379 1220 2566 1283 quibus

452 1306 658 1356 codices
706 1312 915 1357 nostros
963 1307 1212 1357 debemus
1260 1306 1653 1371 negligentiam,
1715 1307 1904 1369 partim
1950 1303 2014 1352 ad
2063 1304 2255 1352 codicis
2304 1305 2570 1370 archetypi

453 1409 607 1457 quem
658 1396 1050 1458 exscripserunt
1096 1393 1319 1441 formam
1372 1396 1424 1440 et
1475 1394 1747 1455 rationem,
1806 1393 1994 1455 partim
2043 1389 2107 1437 ad
2156 1393 2306 1453 primi
2356 1390 2568 1439 editoris

453 1495 655 1527 errores
693 1479 966 1528 referenda
1003 1483 1168 1528 erunt.
1216 1478 1351 1527 Nam
1375 1482 1436 1527 ut
1459 1477 1579 1526 hinc
1607 1477 1905 1544 disputandi
1932 1479 2136 1525 initium
2166 1477 2369 1543 faciam,
2410 1495 2569 1543 quum

451 1566 653 1615 Plinius
692 1572 955 1615 extremos
991 1568 1150 1616 libros
1188 1572 1279 1615 aut
1312 1571 1520 1616 omnino
1560 1583 1661 1615 non
1712 1566 1960 1614 edidisset
1997 1570 2087 1612 aut
2123 1570 2183 1613 ut
2221 1569 2407 1614 iterum
2446 1567 2568 1615 cde-

451 1658 631 1703 rentur
675 1658 1034 1720 retractasset,
1086 1657 1131 1703 is
1179 1657 1269 1719 qui
1312 1658 1432 1720 post
1475 1658 1695 1702 mortem
1733 1657 1960 1703 auct-oris
1998 1669 2129 1719 opus
2167 1653 2350 1702 edendi
2387 1670 2565 1703 curam

452 1743 755 1806 susceperat
798 1740 962 1791 multa
1008 1755 1140 1806 quae
1188 1744 1240 1791 in
1286 1743 1520 1808 margine
1564 1756 1592 1791 e
1628 1742 1789 1791 variis
1824 1740 1969 1790 libris
2008 1739 2269 1806 adscripta
2305 1746 2569 1807 repererat

451 1829 673 1876 orationi
726 1831 866 1877 recte
919 1827 1180 1877 interdum
1231 1833 1284 1878 et
1336 1845 1725 1894 nonnumquam
1778 1832 2113 1894 praepostero
2167 1828 2281 1877 loco
2333 1831 2565 1898 inseruit,

449 1915 697 1964 nonnulla
744 1920 918 1965 autem
964 1932 1098 1981 quae
1145 1933 1177 1966 a
1224 1916 1392 1965 Plinio
1441 1918 1555 1982 ipso
1605 1920 1754 1965 erant
1801 1915 1976 1964 addita
2025 1916 2116 1965 sed
2164 1915 2393 1965 nondum
2443 1934 2561 1967 cum

450 2001 651 2068 reliqua
696 2005 929 2054 oratione
977 2006 1277 2053 constructa
1320 2004 1393 2052 ita
1434 2002 1647 2069 reliquis
1684 2001 1959 2053 admiscuit
1994 2007 2054 2053 ut
2089 2002 2369 2053 verborum
2408 2008 2567 2056 nexui

449 2106 664 2155 prorsus
701 2094 1065 2156 repugnarent.
1137 2091 1339 2140 Deinde
1377 2091 1717 2157 archetypum
1755 2091 2021 2156 exemplar
2057 2094 2371 2155 posteriores
2409 2093 2568 2143 libra-

450 2181 555 2226 rios
593 2181 683 2225 aut
719 2178 852 2225 male
891 2182 1219 2242 compactum
1263 2182 1317 2226 in
1365 2195 1566 2226 errores
1615 2181 1938 2226 necessarios
1977 2177 2155 2225 debuit
2192 2178 2435 2227 inducere
2473 2186 2565 2228 aut

448 2266 582 2312 male
634 2265 954 2313 intellectum
1000 2266 1180 2313 fallere
1218 2269 1399 2330 potuit.
1473 2265 1589 2325 Quo
1634 2266 1832 2313 factum
1880 2270 1961 2313 est
2008 2270 2067 2312 ut
2115 2269 2303 2329 partim
2341 2271 2562 2331 paginae

451 2356 503 2401 et
534 2351 659 2400 folia
693 2355 1149 2418 commutarentur,
1186 2355 1376 2417 partim
1412 2354 1465 2400 in
1494 2352 1712 2416 singulis
1740 2354 1943 2417 paginis
1969 2368 2157 2401 versus
2185 2356 2273 2417 qui
2298 2369 2329 2403 a
2354 2353 2563 2403 librario

448 2442 661 2490 nimium
713 2442 765 2488 in
812 2438 1081 2489 scribendo
1126 2439 1294 2489 veloci
1340 2438 1563 2504 neglecti
1607 2443 1893 2503 posteaque
1940 2442 1993 2488 in
2041 2442 2144 2488 imo
2192 2440 2278 2489 vel
2316 2457 2558 2506 supremo

448 2531 680 2594 margine
726 2527 885 2576 additi
932 2530 984 2576 in
1033 2531 1225 2577 nostris
1272 2527 1534 2577 codicibus
1583 2529 1869 2576 continenti
1915 2529 2172 2592 scriptura
2222 2532 2272 2576 et
2310 2546 2557 2593 perverso

449 2615 626 2665 ordine
665 2620 1012 2665 exararentur.

590 2755 752 2806 Primi
782 2758 986 2823 generis
1017 2755 1118 2806 duo
1147 2755 1386 2821 exempla
1415 2753 1647 2820 proferre
1678 2752 1854 2803 licebit
1891 2754 2070 2806 eadem
2103 2771 2236 2821 quae
2275 2773 2304 2805 a
2334 2756 2558 2823 Bergkio

448 2845 479 2894 l.
516 2861 556 2894 c.
591 2847 815 2893 tractata
851 2848 994 2908 sunt,
1039 2859 1256 2909 quorum
1299 2845 1444 2908 prius
1481 2842 1826 2908 explicatione
1863 2845 2037 2908 potius
2076 2859 2231 2907 quam
2268 2848 2561 2910 transposi-

447 2935 588 2981 tione
626 2931 857 2997 indigere
897 2930 1128 2979 arbitror.

446 3206 536 3247 dam
579 3222 661 3248 rem
701 3207 778 3247 loci
814 3207 999 3254 (fitentur,
1041 3206 1292 3258 praenomina
1330 3205 1454 3245 omitti
1486 3204 1654 3256 ideoque
1685 3204 1917 3248 XXXVII.
1959 3206 2038 3244 81.
2090 3220 2169 3246 non
2213 3206 2257 3252 0.
2291 3208 2458 3245 Catullus
2494 3207 2563 3247 sed

445 3299 534 3325 cum
565 3285 712 3338 optimo
742 3284 879 3326 codiee
912 3285 1078 3323 Catullus
1110 3283 1361 3325 scribendum
1393 3296 1495 3322 esse.
