3028 4365
1490 590 1564 645 20

1473 830 1574 912 XI.

741 1007 1007 1076 XXXIV,
1046 1010 1126 1058 59·
1185 1013 1344 1068 Vicit
1377 1006 1513 1069 eum
1541 1015 1917 1092 Pythagoras
1947 1018 2252 1095 Rheginus
2299 1038 2370 1074 ex
2413 1018 2589 1073 Italia

624 1111 1027 1185 pancratiaste
1073 1112 1326 1187 Delphis
1370 1115 1594 1189 posite,
1642 1150 1718 1155 —
1765 1116 1976 1174 eodem
2019 1118 2161 1174 vicit
2210 1125 2270 1175 et
2311 1117 2588 1175 Leontis-

628 1233 794 1283 cum;
854 1247 931 1254 —
987 1213 1131 1267 fecit
1185 1222 1244 1268 et
1302 1216 1753 1270 studiodromon
1810 1218 2067 1291 Astylon
2121 1219 2221 1293 qui
2271 1217 2587 1292 Olympiae

628 1313 989 1381 ostenditur,
1050 1320 1109 1367 et
1159 1313 1358 1388 Libyn
1411 1334 1658 1389 puerum
1703 1322 2003 1371 tenentem
2045 1317 2333 1372 tabellam
2376 1316 2587 1371 eodem

626 1412 787 1479 loco,
835 1418 894 1466 et
937 1411 1100 1466 mala
1142 1411 1432 1467 ferentem
1476 1413 1715 1468 nudum.

605 1576 666 1623 In
704 1576 786 1623 his
815 1591 950 1641 quae
982 1574 1045 1621 de
1081 1577 1229 1640 pueri
1267 1579 1442 1622 statua
1479 1575 1726 1641 leguntur
1762 1582 1853 1625 aut
1888 1577 2023 1624 falsa
2059 1581 2151 1625 aut
2188 1582 2433 1644 corrupta
2470 1594 2587 1627 esse

459 1667 578 1717 inde
603 1667 956 1731 consequitur,
997 1662 1136 1730 q'uod
1161 1662 1330 1730 Libyn
1360 1678 1464 1712 non
1495 1679 1715 1731 puerum
1745 1666 1838 1716 sed
1863 1666 2138 1716 Mnaseam
2161 1669 2334 1716 virum
2359 1666 2589 1734 hoplite-

459 1754 677 1806 dromon
706 1751 872 1803 fuisse
898 1767 926 1801 e
952 1749 1246 1801 Pausaniae
1270 1749 1618 1817 descriptione
1643 1751 1915 1818 discimus3
1952 1752 2023 1804 ibi
2060 1755 2199 1805 enim
2233 1752 2364 1805 haec
2400 1753 2589 1821 legun-

456 1845 544 1891 tur
580 1838 682 1905 VI,
723 1839 812 1904 13,
850 1838 897 1886 4.
946 1836 1037 1903 (cf.
1080 1836 1170 1903 18,
1208 1837 1306 1904 2.);
1357 1837 1495 1905 παρὰ
1545 1839 1600 1891 δὲ
1645 1837 1737 1892 τόν
1776 1837 2002 1893 Βύκελον
2051 1839 2250 1908 ὁπλίτης
2297 1840 2426 1909 ἀνὴρ
2475 1842 2588 1893 ἐπί-

455 1934 631 1995 κλησιν
642 1929 820 1993 Λίβυς,
861 1924 1107 1983 Μνασέας
1126 1930 1408 1992 Κυρηναῖος
1431 1931 1625 1992 ἕστηκε·
1664 1926 1978 1997 Πυθαγόρας
2007 1927 2064 1980 δὲ
2088 1926 2116 1978 ὁ
2143 1926 2364 1996 Ῥηγῖνος
2395 1929 2589 1994 ἐποίησε

455 2015 552 2082 τήν
590 2014 773 2066 εἰκόνα.
848 2013 1034 2077 Itaque
1080 2012 1347 2062 Brunnius
1396 2016 1450 2062 in
1495 2013 1614 2063 hist.
1658 2015 1794 2064 artis.
1830 2015 1878 2080 Ι,
1917 2031 1963 2080 p.
1996 2016 2109 2064 134.
2156 2031 2216 2064 eo
2255 2015 2493 2081 confugit
2528 2019 2590 2064 ut

454 2104 684 2153 Plinium
733 2106 786 2149 et
832 2104 1023 2150 erroris
1072 2104 1316 2165 argueret
1366 2105 1418 2148 et
1462 2118 1683 2167 magnae
1733 2101 2027 2166 socordiae3
2077 2103 2202 2167 quid
2249 2102 2386 2169 quod
2431 2107 2589 2152 etiam

455 2195 692 2241 extrema
727 2189 892 2238 verba
929 2187 995 2237 ad
1033 2187 1250 2236 eandem
1290 2192 1518 2237 statuam
1556 2189 1760 2255 retulit,
1811 2193 1894 2238 cui
1942 2191 2080 2239 mala
2117 2191 2318 2239 Punica
2363 2206 2424 2239 eo
2462 2207 2589 2240 con-

456 2280 571 2328 silio
601 2278 798 2327 ‘addita
844 2278 1069 2341 fuerint,
1123 2280 1183 2324 ut
1237 2275 1488 2341 Libycam
1533 2277 1786 2326 Mnaseae
1836 2281 2090 2343 originem
2138 2278 2437 2327 indicarent.
2508 2278 2590 2326 Ita

456 2370 629 2416 virum
680 2363 915 2413 adultum
963 2366 1016 2412 et
1061 2379 1312 2428 puerum,
1368 2362 1632 2412 hominem
1687 2368 1953 2414 armatura
2012 2381 2227 2431 gravem
2284 2369 2336 2414 et
2390 2364 2586 2414 nudum

456 2455 659 2505 Plinius
697 2452 1034 2503 confudisset.
1089 2450 1288 2500 Verum
1326 2451 1659 2519 Pythagoras
1696 2458 1904 2519 praeter
1939 2453 2214 2503 Mnaseam
2253 2456 2410 2503 etiam
2440 2455 2588 2519 pueri

457 2546 687 2591 statuam
723 2541 948 2603 fecerat,
988 2541 1136 2589 cuius
1174 2555 1363 2588 nomen
1400 2539 1603 2589 Plinius
1639 2542 1838 2605 omisit,
1876 2539 2166 2590 Pausanias
2202 2541 2293 2606 VI,
2332 2542 2379 2605 6,
2422 2541 2464 2589 1.
2502 2540 2585 2590 his

457 2628 633 2677 verbis
670 2625 903 2675 tradidit:
948 2626 1041 2677 τόν
1077 2633 1174 2691 μὲν
1212 2626 1276 2692 δὴ
1316 2626 1581 2678 [Μαντινέα
1620 2626 1930 2693 Πρωτόλαον
1969 2634 2223 2690 Διαλκοῦς,
2261 2636 2434 2698 πυγμῇ
2471 2638 2587 2679 παῖ-

459 2716 551 2773 δας
587 2712 932 2781 κρατήσαντα,
970 2714 997 2764 ὁ
1025 2713 1244 2784 Ῥηγῖνος
1279 2712 1591 2784 Πυθαγόρας
1627 2752 1792 2762 .....
1831 2717 2071 2781 ἐποίησεν.
2148 2714 2383 2782 Apparet
2427 2719 2588 2782 igitur

458 2807 579 2867 post
614 2800 929 2849 vocabulum
964 2800 1134 2866 Libyn
1171 2800 1594 2865 distinguendum
1634 2818 1774 2865 esse,
1820 2806 1872 2850 et
1907 2801 2139 2851 Protolai
2175 2806 2323 2867 pueri
2361 2807 2587 2852 aetatem

455 2888 651 2938 tabella
699 2904 804 2953 qua
857 2886 1141 2937 utebantur
1190 2887 1430 2954 discipuli
1479 2887 1653 2937 addita
1700 2888 1928 2938 indicari.
2010 2888 2196 2939 Altera
2249 2907 2407 2940 manu
2467 2906 2587 2941 eum

456 2977 595 3027 mala
619 2978 854 3026 tenuisse
884 2977 1270 3024 existimaveris
1296 2975 1543 3041 fortasse⁷
1582 2993 1715 3040 quae
1746 2980 1997 3026 amatoria
2025 2977 2160 3026 dona
2189 2982 2376 3026 aetatis
2404 2977 2587 3033 florem

456 3065 893 3132 significaverint:
930 3063 1057 3112 mihi
1094 3067 1270 3112 tamen
1308 3067 1464 3112 tertia
1501 3068 1676 3115 statua
1713 3067 1967 3113 nominari
2002 3065 2225 3130 videtur,
2265 3081 2420 3130 quam
2451 3068 2587 3118 sicut

455 3168 571 3202 eam
625 3167 760 3218 quae
819 3153 1060 3217 proxima
1119 3155 1554 3199 commemoratur
1607 3150 1672 3198 ad
1719 3150 1956 3199 heroicas
2004 3150 2211 3200 fabulas
2261 3151 2585 3203 referendam

456 3256 572 3291 esse
612 3242 849 3289 coniicio:
886 3237 1190 3288 Milanionis
1227 3237 1472 3287 videlicet
1509 3244 1598 3287 aut
1628 3238 1975 3304 Hippomenis
1999 3241 2087 3304 qui
2114 3237 2398 3288 Atalanten
2436 3239 2584 3290 malis

455 3330 701 3395 proiectis
740 3331 1036 3376 currentem
1075 3326 1361 3375 detinuisse
1409 3330 1712 3392 narrantur,
1770 3329 1918 3376 cuius
1965 3341 2152 3376 nomen
2202 3326 2381 3376 eodem
2431 3328 2583 3379 modo
