3028 4365
1462 542 1522 596 11

590 684 820 734 Litteras
870 688 1004 734 enim
1051 683 1095 736 S
1123 689 1176 735 et
1214 684 1259 737 C
1299 688 1454 735 etiam
1497 687 1552 734 in
1597 684 1773 735 Salani
1822 689 2027 736 nomine
2076 704 2105 735 a
2148 685 2551 751 Bambergensis

445 772 643 820 codicis
674 772 846 821 scriba
875 776 1198 838 permutatas
1237 789 1353 820 esse
1387 772 1637 837 vidimuS,
1686 771 1736 821 V
1765 778 1817 819 et
1840 772 1897 820 X
1929 776 2083 820 etiam
2121 772 2392 839 XXXIII,
2438 775 2549 821 142.

440 858 688 910 confusas
724 872 841 909 esse
877 862 1107 927 apparet.

581 958 759 1023 Quum
803 962 939 1012 enim
978 959 1049 1013 ibi
1075 969 1268 1028 propter
1301 961 1499 1029 quinque
1526 960 1683 1028 pondo
1718 969 1921 1013 notatum
1957 979 1988 1014 α
2017 961 2272 1014 censoribus
2299 961 2551 1029 triumphet·

437 1047 528 1099 lem
547 1068 719 1107 ,senem
755 1051 937 1098 narrat
972 1046 1197 1114 Plinius,
1235 1046 1292 1098 P.
1323 1046 1620 1100 Cornelium
1649 1047 1897 1100 Rufinum
1933 1051 1985 1099 in
2016 1051 2185 1099 animo
2215 1048 2417 1115 habuit,
2449 1050 2552 1115 qui,

357 1184 369 1199 ,
446 1140 691 1203 quoniam
729 1137 908 1186 decem
945 1136 1106 1185 libras
1143 1141 1346 1204 argenti
1382 1138 1510 1185 facti
1547 1154 1575 1185 e
1611 1136 1804 1202 praeda
1840 1140 2139 1203 retinuerat,
2177 1156 2208 1185 a
2233 1136 2290 1185 L.
2313 1137 2552 1186 Fabricio

441 1224 676 1273 Luscino
714 1229 901 1273 senatu
938 1228 1112 1283 motus
1149 1229 1253 1290 est,
1298 1226 1361 1273 cf.
1397 1225 1512 1273 Val.
1548 1224 1693 1273 Max.
1727 1224 1793 1289 ΙΙ,
1832 1225 1880 1288 97
1916 1226 1962 1272 4.
1998 1225 2111 1272 Liv.
2150 1229 2268 1289 epit.
2309 1226 2385 1272 14.
2424 1225 2554 1273 Gell.

437 1311 530 1380 IV,
567 1313 615 1361 8.
649 1311 824 1380 XVII,
868 1313 1004 1378 121.,
1043 1316 1096 1360 et
1131 1311 1278 1359 denae
1313 1310 1459 1359 libras
1490 1309 1692 1375 XVIII,
1731 1310 1809 1357 39.
1846 1314 1957 1375 ipse
1994 1315 2294 1358 nominavit.

1450 1529 1542 1608 Vl.

715 1682 977 1748 XXXVI,
1017 1683 1097 1732 30.
1137 1683 1217 1733 31.
1291 1679 1661 1735 Mausoleum
1696 1721 1889 1734 .....
1918 1684 2085 1750 patet
2129 1678 2205 1733 ab
2252 1685 2450 1734 austro
2496 1687 2557 1735 et

600 1779 1004 1853 septentrione
1041 1796 1374 1852 sexagenos
1406 1786 1606 1834 ternos
1637 1779 1840 1852 pedeS,
1885 1778 2120 1833 brevius
2167 1797 2202 1832 a
2245 1778 2555 1847 frontibuS,

600 1871 727 1934 toto
774 1878 1081 1933 circumitu
1118 1878 1305 1951 pedes
1342 1877 1811 1950 CCCCXXXX;
1861 1879 2147 1933 attollitur
2189 1880 2248 1932 in
2293 1879 2554 1934 altitudi-

599 1998 735 2033 nem
760 1977 968 2051 viginti
994 1977 1251 2051 quinque
1284 1977 1522 2049 cubitis3
1555 1978 1808 2052 cingitur
1836 1976 2123 2033 columnis
2154 1977 2395 2051 triginta
2424 1998 2551 2051 sex;

598 2084 808 2151 pteron
854 2095 1143 2132 vocavere
1190 2078 1557 2133 circumitum
1602 2120 1772 2133 .....
1815 2097 1993 2151 supra
2035 2084 2245 2150 pteron
2288 2079 2550 2151 pyramis

599 2175 970 2229 altitudinem
990 2174 1036 2249 ⁸)
1081 2175 1414 2230 inferiorem
1459 2184 1678 2251 aequat
1719 2176 1927 2251 viginti
1972 2181 2223 2249 quatuor
2266 2176 2549 2249 gradibus

599 2273 658 2327 in
711 2279 906 2327 metae
963 2291 1249 2328 cacumen
1302 2292 1364 2329 se
1418 2275 1789 2330 contrahens.
1876 2273 1944 2328 In
1990 2292 2219 2328 summo
2267 2280 2357 2328 est
2402 2292 2548 2346 qua-

597 2374 765 2448 driga
808 2393 1136 2424 marmorea
1181 2394 1358 2448 quam
1401 2373 1545 2425 fecit
1572 2371 1804 2447 Pythis3
1850 2371 1998 2424 haec
2044 2369 2278 2424 adiecta
2307 2379 2545 2425 centum

596 2472 987 2546 quadraginta
1030 2473 1248 2544 pedum
1294 2474 1601 2528 altitudine
1646 2480 1836 2527 totum
1882 2490 2033 2545 opus
2078 2474 2340 2526 includit.

570 2602 738 2662 Quam
777 2603 909 2650 male
947 2603 1045 2651 hae
1083 2619 1357 2652 mensurae
1397 2607 1531 2652 inter
1560 2621 1615 2652 se
1645 2604 1970 2667 cohaereant,
2009 2608 2129 2668 post
2162 2603 2290 2652 alios
2320 2603 2541 2653 dilucide

428 2695 672 2758 exposuit
718 2690 913 2756 Neuto,
974 2708 1126 2756 quem
1181 2708 1318 2739 nunc
1372 2693 1425 2739 in
1481 2690 1813 2757 explorandis
1865 2693 2187 2739 monumenti
2235 2689 2543 2739 nobilissimi

426 2778 700 2829 ruderibus
748 2780 987 2844 gnaviter
1031 2780 1232 2826 versari
1282 2780 1588 2843 accepimus.
1674 2775 1851 2842 Atque
1911 2776 2128 2825 alteram
2181 2777 2541 2825 difficultatem

415 2884 563 2934 *quae
598 2866 921 2917 latitudinem
953 2866 1272 2933 singularum
1300 2866 1550 2915 frontium
1582 2869 1784 2931 spectat
1813 2865 2033 2914 aedificii
2061 2868 2318 2935 vestigiis,
2357 2868 2401 2913 si
2438 2882 2542 2930 qua

544 3122 583 3180 ⁸)
615 3126 854 3166 Aleitudinem
886 3141 957 3181 pro
995 3140 1043 3168 eo
1079 3126 1187 3180 quod
1226 3126 1339 3167 codd.
1380 3126 1528 3167 habent
1557 3125 1757 3164 altitudine
1788 3125 2001 3179 legendum
2047 3138 2136 3166 esse
2178 3131 2218 3165 et
2251 3124 2346 3166 Otto
2377 3125 2542 3166 Iahnius

427 3205 468 3245 in
509 3204 710 3245 societatis
748 3203 967 3257 Lipsiensis
998 3203 1098 3243 actis
1134 3202 1263 3252 1850,
1301 3216 1340 3255 p.
1380 3202 1476 3241 126.
1511 3201 1611 3240 vidit
1641 3206 1680 3240 et
1709 3206 1802 3240 ante
1846 3214 1934 3240 eum
1977 3200 2109 3240 Neuto
2151 3200 2190 3239 in
2230 3201 2354 3240 musei
2386 3200 2542 3240 classici

427 3285 539 3336 parte
569 3279 686 3331 XVI,
717 3293 756 3333 p.
792 3281 858 3321 19.
