3028 4365
1453 600 1519 652 14

525 914 708 980 XXX,
750 916 863 964 116.
901 915 964 964 de
1000 915 1252 964 Romanis
1289 914 1577 980 pictoribus
1613 916 1803 980 agitur,

584 1035 701 1069 non
745 1015 1070 1070 fraudando
1117 1022 1177 1069 et
1220 1015 1414 1070 Ludio
1461 1016 1582 1070 divi
1613 1016 1876 1090 Augusti
1921 1024 2135 1084 aetate,
2180 1016 2280 1091 qui
2322 1016 2545 1089 primus

583 1116 837 1170 instituit
880 1115 1360 1170 amoenissimam
1405 1116 1699 1188 parietum
1736 1116 2045 1189 picturam,
2088 1116 2259 1170 villas
2305 1122 2365 1169 et
2406 1134 2545 1189 por-

579 1214 735 1269 ticus
781 1232 851 1269 ac
894 1213 1148 1287 topiaria
1192 1231 1390 1286 opera.

527 1328 635 1380 Cur
671 1332 987 1395 optimorum
1023 1328 1274 1377 librorum
1320 1329 1475 1377 lectio
1517 1336 1680 1393 portus
1724 1345 1755 1377 a
1793 1326 1994 1393 Silligio
2044 1331 2221 1393 spreta
2262 1331 2346 1394 sit,
2394 1331 2543 1394 equi—

416 1417 534 1466 dem
583 1432 687 1465 non
736 1417 988 1482 intelligO,
1036 1431 1198 1480 quum
1247 1420 1299 1464 et
1335 1416 1615 1465 Vitruvius
1658 1415 1786 1481 VII,
1827 1416 1881 1480 5,
1932 1416 1976 1463 2.
2025 1418 2079 1464 in
2123 1415 2238 1463 loco
2282 1415 2542 1465 simillimo

409 1513 590 1571 portus,
621 1503 954 1571 promontoria,
992 1502 1126 1551 litora
1158 1504 1645 1551 commemoraverit
1682 1505 1735 1550 et
1771 1501 2052 1550 nonnullae
2089 1505 2334 1567 portuum
2371 1504 2544 1568 pict-u-

415 1610 504 1643 rae
553 1595 836 1642 etiamnum
875 1593 1011 1640 inter
1056 1606 1214 1655 opera
1252 1588 1665 1639 Herculanensia
1702 1592 1754 1639 et
1786 1587 2108 1653 Pompeiana
2143 1590 2542 1654 conspiciantur.

417 1678 548 1739 Quis
588 1684 762 1728 autem
800 1676 989 1727 Ludius
1024 1676 1207 1741 fuerit,
1256 1679 1356 1725 etsi
1394 1694 1424 1724 a
1462 1679 1667 1725 nemine
1714 1675 1938 1725 traditur
1988 1674 2088 1724 hoc
2136 1680 2314 1725 tamen
2354 1693 2382 1724 e
2419 1694 2542 1725 nar-

412 1767 559 1814 randi
609 1783 763 1831 quem
813 1765 1016 1811 Plinius
1062 1766 1233 1811 tenuit
1281 1763 1459 1810 ordine
1508 1766 1871 1829 consequitur,
1920 1779 2024 1810 non
2067 1766 2399 1828 peregrinum
2448 1763 2540 1811 sed

411 1856 705 1903 Romanum
742 1853 930 1915 fuisse3
968 1855 1259 1915 sequuntur
1295 1853 1430 1898 enim
1451 1850 1709 1916 Arellius,
1745 1851 2015 1915 Fabullus,
2053 1850 2326 1899 Cornelius
2362 1850 2539 1899 Pinus.

410 1941 587 2002 Quare
626 1943 672 1989 ei
710 1942 1041 1988 coniecturae
1076 1938 1224 1987 locus
1263 1954 1366 1986 non
1407 1940 1530 2002 erit,
1569 1953 1725 2002 quam
1763 1941 1936 1986 minus
1972 1937 2113 1986 illam
2152 1937 2360 2002 quidem
2397 1940 2541 1986 veri-

408 2030 630 2077 similem
673 2058 732 2063 —
784 2043 953 2093 neque
1002 2029 1139 2073 enim
1177 2026 1376 2093 Lydius
1424 2025 1516 2074 sed
1553 2025 1735 2092 Lydus
1773 2023 2114 2091 appellandus
2153 2028 2264 2071 erat
2307 2054 2366 2058 —-
2409 2027 2539 2072 satis

404 2122 581 2167 tamen
619 2117 827 2165 facilem
855 2115 1218 2182 appellaveris7
1255 2119 1314 2162 ut
1339 2113 1498 2163 Ludio
1522 2114 1700 2180 Λυὸιᾳῖ
1727 2113 1894 2161 fuisse
1931 2115 2086 2178 putes
2119 2127 2212 2178 per
2247 2128 2280 2159 u
2310 2111 2538 2161 litteram

405 2205 587 2255 eodem
624 2203 776 2253 modo
824 2205 1075 2267 scriptum
1116 2218 1219 2267 quo
1256 2200 1519 2266 XXXIII,
1559 2201 1672 2249 160.
1728 2198 1939 2248 Ludium
1972 2198 2263 2265 piymentum
2300 2202 2538 2248 nomina-

404 2297 504 2342 tur.
554 2290 696 2341 Gens
734 2295 910 2341 autem
932 2288 1103 2339 Ludia
1126 2305 1286 2354 quum
1317 2287 1455 2353 apud
1478 2287 1746 2337 Romanos
1771 2286 2004 2337 inaudita
2028 2287 2209 2352 fuerit,
2247 2290 2300 2337 in
2328 2289 2536 2337 nomine

403 2383 590 2429 vitium
630 2382 801 2426 inesse
831 2379 1180 2441 consequitur.
1246 2375 1357 2423 Iam
1384 2391 1511 2424 vero
1550 2378 1602 2423 in
1640 2373 1816 2423 codice
1847 2373 2223 2440 Bambergensi
2259 2390 2363 2423 non
2393 2373 2535 2434 ludio,

406 2467 542 2534 quod
583 2483 609 2514 e
649 2466 838 2531 Silligii
877 2465 1084 2513 silentio
1123 2464 1416 2529 colligatur7
1470 2463 1562 2512 sed
1598 2462 1750 2511 studio
1789 2466 2058 2528 reperitur.
2114 2461 2266 2523 Quod
2310 2478 2375 2510 ne
2416 2479 2535 2511 cum

403 2556 615 2607 Stadieo
664 2552 1001 2603 Nicosthenis
1051 2551 1306 2618 discipulo
1365 2554 1744 2617 coniungamus
1793 2554 1844 2598 et
1893 2548 2095 2599 Graeca
2146 2548 2285 2599 illius
2335 2552 2534 2617 origine

405 2649 457 2694 et
496 2660 556 2694 eo
596 2644 903 2709 praesertim
941 2640 1276 2707 prohibemur
1314 2640 1452 2705 quod
1491 2639 1575 2688 hic
1612 2639 1674 2687 de
1711 2640 1968 2704 parietum
1999 2641 2204 2703 pictura
2236 2654 2405 2687 sermo
2436 2643 2533 2705 est,

403 2732 650 2783 Stadieus
688 2734 863 2780 autem
900 2730 928 2794 ἓ
970 2729 1083 2778 146.
1120 2732 1258 2778 inter
1293 2744 1383 2777 non
1422 2726 1642 2794 &nobiles
1678 2730 1707 2776 i.
1746 2744 1786 2775 e.
1837 2742 1925 2775 eos
1964 2725 2192 2774 artifices
2230 2730 2534 2775 numeratur

401 2824 491 2888 qui
529 2819 737 2870 tabulas
786 2821 1003 2884 pinxere
1050 2816 1139 2882 (cf.
1185 2816 1213 2882 ξ
1254 2815 1407 2882 118.).
1480 2816 1775 2866 Romanum
1826 2817 2000 2864 autem
2050 2813 2189 2880 quod
2238 2813 2534 2880 post-ulatur

400 2925 590 2958 nomen
628 2906 868 2970 habebis,
905 2904 995 2954 ubi
1030 2922 1136 2954 una
1162 2904 1337 2954 littera
1367 2907 1602 2953 correcta
1631 2918 1945 2968 praenomen
1978 2919 2008 2951 a
2036 2904 2243 2951 nomine
2275 2900 2533 2951 distinxe-

397 3002 486 3064 riS,
524 2995 574 3047 S.
620 2995 768 3045 Tadii
803 2999 832 3044 i.
875 3010 916 3043 e.
963 2992 1115 3044 Sexti
1153 2992 1330 3057 Tadii,
1380 2992 1604 3040 hominis
1652 3008 1679 3040 e
1719 2994 1874 3056 gente
1921 3007 2025 3039 non
2062 2989 2279 3055 ignobili
2327 2987 2532 3038 oriundi

399 3085 687 3150 eodemque
712 3083 1047 3148 praenomine
1072 3083 1171 3146 usi,
1203 3079 1342 3145 quod
1365 3082 1420 3128 in
1453 3078 1632 3128 eadem
1664 3081 1820 3144 gente
1848 3081 2003 3126 etiam
2032 3075 2154 3126 alibi
2183 3073 2530 3142 reperitur¹⁰).

520 3281 568 3337 ¹⁰)
601 3285 765 3333 Eckhel‚
797 3284 902 3323 doct.
935 3297 1041 3322 num.
1073 3281 1145 3330 IV,
1177 3295 1214 3333 p.
1251 3282 1347 3320 148.
1397 3278 1532 3328 Orelli,
1563 3278 1741 3331 inscript.
1774 3279 1900 3317 3658.
1948 3277 2131 3317 Ceterum
2164 3283 2269 3317 recte
2301 3275 2532 3316 observavit

393 3364 582 3405 Osannus
613 3364 652 3402 in
686 3367 896 3402 comment.
930 3361 1115 3400 seminar.
1133 3358 1313 3398 Gissens.
1347 3357 1403 3406 11,
1434 3372 1472 3410 p.
1508 3358 1574 3395 14.
1602 3356 1837 3409 scriptorum
1860 3354 2110 3401 nobiliorum,
2143 3354 2269 3394 sicubi
2301 3354 2351 3394 ad
2383 3359 2530 3393 testan-
