3028 4365
579 985 693 1063 Iam
754 1030 883 1063 vero
942 1015 1200 1066 absolutis
1264 1032 1399 1081 quae
1456 1015 1618 1065 huius
1661 1012 2031 1083 disputationis
2073 1018 2223 1066 erant
2285 1013 2338 1064 id
2382 1018 2556 1082 ipsum

427 1098 651 1169 edicam,
686 1100 828 1151 unde
855 1117 1018 1152 causa
1044 1104 1159 1152 erat
1182 1106 1391 1168 exorta,
1429 1117 1591 1167 quare
1626 1102 1759 1154 haee
1792 1105 1871 1153 ita
1904 1104 2101 1169 scripta
2135 1098 2340 1167 publice
2376 1100 2554 1154 domm

427 1187 495 1238 ad
529 1188 670 1256 Vos,
706 1189 823 1240 Viri
859 1190 1210 1242 Illustrissimi
1246 1195 1301 1240 et
1326 1190 1679 1256 Amplissimi,
1713 1193 1775 1239 ut
1807 1179 2131 1242 Academiae
2160 1177 2370 1237 nostrae
2405 1191 2555 1238 iussu

429 1291 691 1327 consensu
746 1280 1059 1330 auctoritate
1116 1276 1181 1328 ad
1236 1280 1423 1343 quarta
1469 1274 1771 1327 Saecularia
1814 1274 2010 1327 Vestra
2055 1274 2381 1328 faustissima
2425 1279 2553 1326 vota

428 1377 460 1413 a
486 1362 637 1414 nobis
668 1369 916 1431 suscepta
946 1368 1273 1416 enuntiarem
1301 1364 1692 1431 perscriberem,
1731 1363 1913 1415 Ioanni
1936 1361 2124 1413 Iacobo
2145 1360 2347 1428 Langio
2376 1361 2550 1429 legato

427 1453 608 1499 nostro
648 1450 945 1500 exhibenda
978 1451 1253 1501 traderem.
1315 1451 1458 1517 Ergo
1495 1450 1665 1499 Vobis
1699 1449 2121 1516 congratulamur
2155 1451 2208 1496 et
2235 1446 2552 1499 Academiae

426 1536 653 1587 Vestrae
697 1524 764 1586 ob
811 1542 1038 1602 quatuor
1086 1539 1296 1588 saecula
1340 1542 1553 1603 peracta
1597 1537 1839 1603 feliciter,
1886 1534 2208 1603 gratulamur
2252 1534 2552 1600 plausibus-

425 1640 528 1690 que
565 1628 933 1691 prosequimur
968 1627 1220 1674 inclutam
1254 1625 1868 1689 Alberto-Ludovicam,
1906 1641 2064 1689 quae,
2100 1625 2161 1674 ut
2196 1640 2315 1674 cum
2362 1626 2551 1676 ceteris

423 1708 737 1761 Germaniae
786 1711 980 1761 scholis
1028 1715 1291 1762 communi
1332 1712 1545 1762 vinculo
1590 1711 1881 1762 liberalium
1926 1711 2114 1760 artium
2151 1709 2430 1762 coniuncta
2467 1715 2550 1761 est

424 1796 771 1863 omnibusque
820 1801 1131 1864 cognatione
1180 1798 1496 1864 studiorum,
1543 1814 1678 1864 quae
1722 1802 1807 1865 pie
1851 1797 2011 1847 coluit
2052 1797 2303 1865 colitque,
2361 1797 2551 1866 affinis,

419 1888 498 1936 ita
533 1885 715 1942 eadem
752 1885 843 1936 illa
877 1889 933 1936 in
968 1889 1099 1952 ipsis
1136 1889 1337 1953 patriae
1375 1885 1618 1936 faucibus
1654 1884 1993 1936 Germanicae
2030 1888 2353 1936 constantiae
2389 1885 2551 1938 decus

422 1975 477 2025 et
511 1971 833 2039 praesidium
868 1971 1104 2024 finitimis
1141 1972 1440 2024 nationibus
1488 1977 1697 2040 portum
1746 1977 1799 2023 et
1844 1987 2117 2023 commune
2163 1974 2551 2041 receptaculum

420 2059 633 2112 videtur
687 2059 965 2129 praebere,
1024 2060 1164 2112 unde
1223 2059 1517 2112 uberrimos
1572 2059 1836 2125 doctrinae
1883 2061 2087 2112 fructus
2135 2065 2311 2129 petere
2353 2062 2550 2114 liceret.

422 2147 710 2198 Enimvero
768 2165 903 2214 quae
930 2138 934 2142 ⁵
959 2148 1182 2199 fecimus
1229 2153 1356 2200 vota
1403 2165 1496 2214 pro
1543 2148 1732 2214 Vobis,
1786 2149 1921 2199 faxit
1964 2148 2111 2200 Deus
2155 2149 2396 2202 feliciter!
2453 2166 2551 2202 nos

421 2234 614 2301 Vobis,
661 2234 779 2284 Viri
814 2235 1164 2284 musti-issimi
1212 2239 1265 2284 et
1301 2235 1650 2301 Amplissimi,
1701 2238 1916 2285 sinceris
1961 2237 2147 2286 animis
2194 2240 2248 2287 et
2286 2240 2552 2303 germanis

423 2323 669 2370 favemus
705 2320 1131 2385 Academiaeque
1169 2323 1416 2388 Vestrae,
1455 2340 1589 2387 quae
1627 2325 1824 2388 patriae
1862 2340 1955 2388 per
1989 2327 2070 2373 tot
2105 2324 2315 2375 saecula
2350 2324 2550 2378 affulsit

422 2413 629 2475 insigne
665 2410 843 2457 lumen
872 2410 1140 2456 doctrinae
1180 2413 1233 2454 et
1263 2409 1583 2473 eruditionis,
1619 2407 1805 2472 hisque
1840 2410 1969 2472 ipsis
2006 2406 2374 2460 Saecularibus
2410 2410 2551 2461 laeta

422 2498 597 2546 omnia
633 2511 912 2563 precamur
947 2494 1354 2546 condecorandis
1389 2495 1555 2544 Vobis
1592 2500 1748 2561 atque
1783 2495 2115 2544 illustrandis.

564 2611 838 2663 Dabamoe
880 2614 937 2663 in
973 2610 1260 2663 Academia
1294 2610 1843 2662 Julio-Maximiliana
1878 2611 2217 2682 Wirceburgi
2254 2617 2375 2665 ante
2411 2614 2546 2667 diem

420 2700 513 2750 IV.
547 2699 665 2749 Kal.
704 2698 937 2750 Sextiles
974 2716 1017 2748 a.
1053 2697 1459 2749 MDCOCLVII.

1206 3023 1215 3025 .,
1314 3012 1682 3045 ..9μωῦ
1738 3029 1806 3033 r-.
