3028 4365
1476 613 1515 668 8

1448 829 1544 909 IV.

569 985 846 1054 XXXIV,
893 988 999 1057 41„
1055 988 1146 1039 ubi
1193 990 1258 1039 de
1304 990 1509 1040 colosso
1556 989 1763 1040 Rhodio
1810 991 2044 1058 disputat
2091 991 2317 1061 Plinius,
2369 1008 2565 1060 magna

426 1090 770 1124 numerorum
809 1076 1107 1142 corruptela
1140 1077 1284 1135 facta
1320 1081 1412 1125 est.
1485 1077 1633 1126 Haec
1669 1077 1741 1127 ibi
1777 1081 1988 1127 narrata
2022 1078 2267 1145 legimus:

709 1194 842 1249 Hoc
888 1191 1269 1249 simulacrum
1317 1202 1457 1267 post
1486 1196 2047 1270 quinquagesimum
2075 1202 2309 1252 sextum
2339 1215 2561 1252 annum

596 1302 786 1350 terrae
833 1299 999 1348 motu
1041 1299 1405 1366 prostratum
1448 1294 1652 1349 iacens
1698 1314 1932 1369 quoque
1978 1295 2262 1351 miraculo
2295 1303 2402 1351 est.
2433 1339 2446 1350 .
2472 1338 2486 1351 .
2511 1313 2561 1351 ..·

602 1393 936 1451 Duodecim
998 1392 1165 1449 annis
1223 1391 1466 1449 tradunt
1537 1392 1817 1449 effectum
1872 1390 2026 1450 CCC
2077 1394 2343 1463 talentiS,
2407 1415 2561 1469 quae

596 1496 972 1568 contigerant
1040 1512 1113 1547 ex
1177 1499 1471 1565 apparatu
1530 1493 1689 1566 regis
1746 1492 2033 1549 Demetrii
2097 1494 2304 1551 relicto
2361 1516 2561 1551 morae

598 1593 799 1649 taedio
846 1591 1100 1646 obsessa
1126 1575 1372 1646 ‘Rhoda

576 1731 812 1780 Primum
840 1743 1117 1779 numerum
1144 1726 1336 1777 falsum
1367 1743 1483 1777 esse
1510 1730 1614 1777 iam
1642 1744 1673 1777 a
1693 1727 1959 1796 Scaligero
1987 1729 2052 1779 ad
2070 1729 2360 1781 Eusebium
2379 1748 2425 1798 p.
2450 1730 2562 1785 137.

435 1822 771 1887 perspectum
808 1820 903 1866 est.
976 1813 1152 1876 Quum
1188 1818 1326 1865 enim
1362 1819 1533 1865 terrae
1569 1816 1715 1866 illum
1751 1821 1951 1867 motum
1989 1835 2124 1869 anno
2163 1819 2225 1870 01.
2256 1818 2562 1869 CXXXIX.

432 1911 600 1974 primo
644 1905 734 1955 vel
779 1902 1008 1953 secundo
1046 1904 1332 1968 contigisse
1369 1906 1575 1952 constet
1589 1901 1659 1970 ⁶),
1709 1903 1971 1954 colossum
2007 1904 2164 1956 Plinii
2207 1905 2383 1956 verbis
2426 1923 2562 1957 anno

434 1995 497 2044 01.
535 1992 756 2043 CXXV.
795 1989 1024 2041 secundo
1062 1988 1382 2056 absolutum,
1430 2007 1566 2039 anno
1615 1991 1676 2039 01.
1715 1989 1934 2040 CXXII.
1982 1993 2211 2043 secundo
2260 2011 2291 2043 a
2337 1993 2562 2043 Charete

431 2082 734 2132 inchoatum
773 2093 892 2128 esse
930 2077 1240 2127 efficeretur.
1296 2076 1407 2125 Iam
1438 2092 1566 2126 vero
1596 2094 1731 2126 anno
1760 2079 1822 2126 ol.
1849 2078 2043 2128 CXIX.
2071 2083 2237 2146 primo
2261 2080 2562 2129 Demetrius

428 2168 617 2221 Rhodo
654 2166 1005 2217 abscesserat:
1043 2180 1147 2231 quo
1183 2164 1336 2214 fieret
1371 2167 1432 2213 ut
1468 2168 1752 2231 apparatus
1790 2181 1946 2232 quem
1982 2165 2266 2232 reliquerat
2301 2183 2395 2233 per
2430 2166 2562 2217 (Iuo-

431 2257 599 2308 decim
638 2271 803 2305 annos
841 2271 873 2303 a
907 2251 1129 2304 Rhodiis
1166 2251 1533 2319 negligeretur.
1580 2250 1667 2301 Ex
1696 2254 2071 2318 epigrammate
2102 2256 2278 2304 autem
2314 2253 2561 2320 pulcher-

352 2363 361 2375 ·
431 2346 562 2393 rimo
608 2341 748 2407 quod
796 2340 936 2405 apud
986 2338 1202 2388 Suidam
1249 2355 1299 2386 v.
1337 2336 1653 2396 Κολοσσαεύς
1699 2339 1892 2403 legitur
1935 2353 2046 2386 rem
2088 2339 2239 2388 aliter
2275 2355 2333 2388 se
2369 2340 2562 2390 habere

434 2429 704 2479 discimus:

788 2530 929 2598 αὐτῷ
965 2549 1043 2584 σοι
1082 2529 1207 2598 πρὸς
1229 2530 1503 2597 ’Όλυμπον
1541 2528 1897 2597 ἐμαακύναντο
1932 2526 2177 2582 κολοσσόν

787 2618 935 2672 τόνδε
970 2616 1158 2671 “Ρόδου
1193 2622 1368 2670 ναέται
1403 2616 1644 2684 Δωρίδος,
1680 2614 1850 2679 Ἀέλιε,

786 2708 1017 2776 χάλκεον,
1053 2706 1201 2774 ἡνίκα
1235 2713 1373 2772 κῦμα
1410 2703 1804 2763 κατευνάσαντες
1838 2703 2048 2762 Ἐνυοῦς

789 2798 1005 2861 ἔστεψαν
1040 2792 1243 2860 πάτραν
1279 2793 1574 2859 δυσμενέων
1611 2791 1820 2859 ἐνάροις.

574 2930 761 2993 Itaque
798 2943 902 2976 non
939 2931 1061 2992 post
1097 2927 1589 2991 quinquagesimum
1627 2928 1837 2974 sextum
1884 2924 1976 2975 sed
2012 2929 2136 2990 post
2171 2927 2559 2990 sexagesimum

431 3022 645 3068 sextum
672 3015 760 3065 vel
783 3008 1277 3080 septimum'annum
1305 3011 1568 3062 colossum
1588 3015 1909 3077 prostratum
1928 3012 2096 3061 fuisse
2121 3014 2350 3077 apparet„
2388 3008 2559 3072 Quem

429 3107 594 3171 igitur
629 3117 906 3153 numerum
944 3098 1112 3150 codex
1147 3095 1554 3164 Bambergensis
1585 3097 1834 3148 exhibet?
1872 3096 2095 3148 eundem
2127 3112 2252 3147 sane
2288 3113 2348 3147 ac
2375 3095 2562 3163 reliqui

551 3350 586 3409 ⁸)
617 3354 781 3410 Syneell
810 3367 849 3408 p.
882 3354 969 3393 220
999 3351 1066 3401 (λς
1097 3351 1147 3390 cf.
1180 3348 1299 3390 Oros.
1332 3350 1412 3399 IV,
1445 3351 1511 3389 13.
