3028 4365
624 1393 780 1485 Quod
830 1427 997 1476 nuper
1045 1409 1324 1460 Schubarti
1360 1425 1409 1456 v.
1448 1408 1492 1456 d.
1530 1411 1584 1456 in
1630 1407 1857 1472 eleganti
1906 1423 2059 1472 quem
2106 1407 2168 1454 de
2217 1411 2344 1455 artis
2390 1410 2597 1457 criticae

480 1501 681 1548 ratione
721 1497 880 1546 edidit
923 1497 1097 1546 libello
1118 1496 1159 1562 ¹)
1206 1500 1258 1545 et
1303 1497 1612 1544 auctoritate
1650 1498 1702 1542 et
1739 1494 1976 1558 exemplo
2017 1493 2430 1543 commendatum
2466 1494 2599 1559 legi-

479 1602 612 1651 mus,
643 1589 702 1632 ut
728 1601 831 1631 uno
863 1587 1192 1649 potissimum
1222 1585 1475 1646 scriptore
1507 1580 1810 1646 corrigendo
1835 1597 2072 1628 severam
2101 1580 2596 1645 saluber-rimamque

480 1676 645 1720 artem
680 1675 877 1719 tirones
915 1670 1220 1719 doceantur:
1257 1669 1310 1717 id
1346 1671 1400 1716 in
1418 1667 1574 1716 Plinii
1610 1668 1835 1716 naturali
1872 1668 2088 1716 historia
2124 1672 2176 1715 et
2212 1672 2439 1716 maximo
2478 1685 2595 1716 cum

478 1760 654 1808 fructu
692 1758 782 1806 fiet
820 1762 873 1807 et
908 1762 968 1807 ut
1002 1758 1156 1817 facile
1191 1757 1305 1805 fieri
1349 1757 1541 1821 possit,
1589 1754 1834 1804 laudabili
1873 1753 2083 1820 Silligii‚
2130 1754 2265 1820 Iani,
2312 1754 2477 1804 Monii
2513 1759 2595 1804 in-

480 1847 709 1897 dustriae
762 1847 989 1896 debetur.
1063 1846 1197 1894 Nam
1248 1860 1408 1910 quum
1464 1843 1662 1892 nullum
1709 1843 1820 1891 fere
1866 1845 2113 1892 vitiorum
2160 1859 2326 1909 genus
2375 1847 2593 1910 cogitari

478 1936 670 1999 possit⁷
709 1949 811 1998 quo
852 1949 955 1982 non
996 1935 1151 1981 etiam
1177 1934 1358 1997 optimi
1388 1930 1506 1979 libri
1533 1946 1691 1978 manu
1716 1915 1896 1995 scripti
1924 1929 2174 1996 laborent,
2213 1934 2457 1996 perpauci
2492 1932 2593 1980 loci

479 2024 554 2069 ita
589 2024 817 2087 corrupti
855 2025 978 2069 sunt
1012 2024 1096 2086 ut,
1145 2022 1189 2068 si
1236 2018 1388 2067 modo
1428 2034 1545 2066 cum
1581 2018 1832 2065 facilitate
1868 2017 1956 2065 illa
1993 2020 2251 2083 animique
2290 2021 2591 2085 sagacitate,

481 2123 583 2172 qua
619 2122 770 2155 nemo
809 2109 1019 2155 criticus
1058 2121 1233 2154 carere
1269 2108 1469 2170 potest,
1508 2103 1734 2167 aliquam
1766 2108 1818 2152 et
1847 2119 2017 2152 rerum
2050 2107 2101 2151 et
2129 2106 2294 2168 ipsius
2322 2107 2590 2169 scriptoris

479 2194 827 2258 cognitionem
865 2194 1222 2258 coniunxeris‚
1270 2190 1550 2240 eorundem
1599 2188 1834 2238 codicum
1881 2205 1977 2255 ope
2024 2205 2128 2237 non
2173 2193 2262 2238 aut
2309 2194 2451 2239 certa
2498 2195 2589 2240 aut

480 2278 732 2345 probabili
770 2279 954 2328 saltem
992 2281 1190 2327 ratione
1229 2278 1490 2327 emendari
1528 2280 1755 2343 possint‚
1794 2277 1943 2326 multi
1982 2280 2136 2326 etiam
2173 2278 2321 2344 tales,
2357 2283 2416 2327 ut
2452 2280 2587 2329 male

478 2369 646 2431 magis
674 2366 923 2414 intellecti
951 2382 1106 2430 quam
1134 2368 1313 2431 scripti
1342 2365 1630 2413 videantur.
1679 2363 1825 2424 Quae
1854 2367 2096 2428 quoniam
2123 2366 2373 2430 exemplis
2400 2367 2586 2415 melius

479 2470 634 2518 quam
683 2456 954 2501 sententiis
1000 2453 1248 2501 declarari
1294 2456 1535 2517 possunt,
1586 2468 1613 2500 e
1663 2453 1809 2517 larga
1858 2468 2012 2516 quam
2061 2455 2203 2516 operi
2248 2468 2340 2517 per
2387 2455 2586 2518 aliquot

479 2555 642 2589 annos
665 2541 959 2589 intermisso
988 2543 1039 2588 et
1063 2554 1186 2588 mox
1211 2538 1519 2588 resumendo
1548 2541 1972 2606 praeparavimus
1999 2554 2169 2588 messe
2208 2539 2402 2605 aliquot
2441 2540 2584 2591 locos

479 2629 591 2676 eius
628 2628 832 2692 generis
860 2642 1128 2675 secernere
1158 2628 1539 2692 separatimque
1564 2629 1788 2674 tractare
1818 2625 2037 2691 placuit,
2080 2625 2217 2689 quod
2244 2642 2367 2691 prae
2398 2632 2584 2678 ceteris

480 2713 736 2765 erroribus
772 2713 1097 2763 librariorum
1133 2714 1414 2763 obnoxium
1451 2714 1614 2764 fuisse
1649 2717 1888 2779 apparet,
1925 2716 2191 2763 nominum
2229 2715 2425 2764 scilicet
2461 2732 2584 2781 pro-

479 2802 708 2865 priorum
765 2804 854 2850 aut
907 2802 1296 2865 peregrinorum
1345 2816 1405 2848 ac
1453 2816 1798 2849 numerorum.
1872 2798 2017 2860 Quos
2067 2816 2094 2848 e
2142 2799 2287 2850 libris
2337 2805 2583 2852 extremis

476 2885 665 2935 idcirco
705 2886 853 2951 elegi⁷
892 2886 1029 2950 quod
1067 2891 1117 2935 et
1154 2904 1252 2952 res,
1291 2886 1352 2934 de
1392 2886 1578 2949 quibus
1615 2889 1669 2935 in
1706 2886 1807 2935 illis
1845 2890 2039 2951 agitur7
2077 2890 2249 2935 minus
2270 2905 2424 2951 quam
2462 2889 2584 2936 reli-

477 2990 607 3039 quas
631 2976 811 3038 ignoro
838 2978 889 3021 et
913 2977 1217 3039 praesertim
1238 2974 1377 3038 quod
1407 2976 1598 3039 insigni
1624 2973 1963 3021 bibliothecae
1995 2973 2398 3039 Bambergensis
2430 2991 2582 3040 prae-

475 3060 731 3110 fectorum
768 3060 1074 3110 liberalitate
1099 3060 1150 3109 id
1180 3061 1306 3110 mihi
1333 3063 1563 3127 contigit,
1603 3059 1740 3127 quod
1768 3077 1798 3109 a
1823 3060 2135 3109 bibliotheca
2167 3059 2583 3128 Luciliburgensi

600 3282 630 3338 ¹)
667 3285 937 3327 Bruchstiicke
968 3300 1016 3326 zu
1049 3286 1155 3325 einer
1178 3286 1473 3340 Methodologie
1503 3287 1573 3326 der
1603 3286 1931 3338 diplomatisehen
1953 3286 2096 3325 Kritik.
2130 3285 2414 3326 Casse11855.
2448 3301 2485 3338 p.
2507 3287 2581 3326 ΙΙΙ.
