<?xml version="1.0" encoding="UTF-8"?>
<!DOCTYPE html PUBLIC "-//W3C//DTD XHTML 1.0 Transitional//EN"
    "http://www.w3.org/TR/xhtml1/DTD/xhtml1-transitional.dtd">
<html xmlns="http://www.w3.org/1999/xhtml" xml:lang="en" lang="en">
 <head>
  <title>
</title>
<meta http-equiv="Content-Type" content="text/html;charset=utf-8" />
  <meta name='ocr-system' content='tesseract 3.04.00' />
  <meta name='ocr-capabilities' content='ocr_page ocr_carea ocr_par ocr_line ocrx_word'/>
</head>
<body>
  <div class='ocr_page' id='page_1' title='image "4777345_0018.png"; bbox 0 0 3028 4365; ppageno 0'>
   <div class='ocr_carea' id='block_1_1' title="bbox 1444 638 1508 693">
    <p class='ocr_par' dir='ltr' id='par_1_1' title="bbox 1444 638 1508 693">
     <span class='ocr_line' id='line_1_1' title="bbox 1444 638 1508 693; baseline 0.016 -1"><span class='ocrx_word' id='word_1_1' title='bbox 1444 638 1508 693; x_wconf 82' lang='grc' dir='ltr'>Ιθ</span> 
     </span>
    </p>
   </div>
   <div class='ocr_carea' id='block_1_2' title="bbox 398 772 2532 1164">
    <p class='ocr_par' dir='ltr' id='par_1_2' title="bbox 572 772 2532 858">
     <span class='ocr_line' id='line_1_2' title="bbox 572 772 2532 858; baseline 0.001 -19"><span class='ocrx_word' id='word_1_2' title='bbox 572 785 672 858; x_wconf 90' lang='lat' dir='ltr'>qui</span> <span class='ocrx_word' id='word_1_3' title='bbox 715 784 949 840; x_wconf 87' lang='lat' dir='ltr'>dicatus</span> <span class='ocrx_word' id='word_1_4' title='bbox 976 782 1100 839; x_wconf 84' lang='lat' dir='ltr'>Soli</span> <span class='ocrx_word' id='word_1_5' title='bbox 1146 784 1508 839; x_wconf 88' lang='lat' dir='ltr'>venerationi</span> <span class='ocrx_word' id='word_1_6' title='bbox 1554 791 1646 839; x_wconf 87' lang='lat' dir='ltr'>est</span> <span class='ocrx_word' id='word_1_7' title='bbox 1690 785 1987 839; x_wconf 88' lang='lat' dir='ltr'>damnatis</span> <span class='ocrx_word' id='word_1_8' title='bbox 2017 772 2343 841; x_wconf 80' lang='lat' dir='ltr'>sceleribus</span> <span class='ocrx_word' id='word_1_9' title='bbox 2373 787 2532 841; x_wconf 87' lang='lat' dir='ltr'>illius</span> 
     </span>
    </p>

    <p class='ocr_par' dir='ltr' id='par_1_3' title="bbox 569 882 868 956">
     <span class='ocr_line' id='line_1_3' title="bbox 569 882 868 956; baseline 0 -21"><span class='ocrx_word' id='word_1_10' title='bbox 569 882 868 956; x_wconf 86' lang='lat' dir='ltr'>principis.</span> 
     </span>
    </p>

    <p class='ocr_par' dir='ltr' id='par_1_4' title="bbox 398 1005 2531 1164">
     <span class='ocr_line' id='line_1_4' title="bbox 545 1005 2531 1076; baseline -0.002 -16"><span class='ocrx_word' id='word_1_11' title='bbox 545 1005 741 1060; x_wconf 84' lang='lat' dir='ltr'>Mirum</span> <span class='ocrx_word' id='word_1_12' title='bbox 781 1023 938 1076; x_wconf 81' lang='lat' dir='ltr'>quam</span> <span class='ocrx_word' id='word_1_13' title='bbox 976 1008 1185 1060; x_wconf 83' lang='lat' dir='ltr'>diversa</span> <span class='ocrx_word' id='word_1_14' title='bbox 1223 1008 1285 1058; x_wconf 91' lang='lat' dir='ltr'>de</span> <span class='ocrx_word' id='word_1_15' title='bbox 1324 1008 1514 1057; x_wconf 80' lang='lat' dir='ltr'>colossi</span> <span class='ocrx_word' id='word_1_16' title='bbox 1564 1008 1704 1056; x_wconf 90' lang='lat' dir='ltr'>illius</span> <span class='ocrx_word' id='word_1_17' title='bbox 1749 1009 2021 1057; x_wconf 81' lang='lat' dir='ltr'>altitudine</span> <span class='ocrx_word' id='word_1_18' title='bbox 2059 1009 2252 1056; x_wconf 87' lang='lat' dir='ltr'>diversi</span> <span class='ocrx_word' id='word_1_19' title='bbox 2289 1013 2531 1057; x_wconf 80' lang='lat' dir='ltr'><strong>auctores</strong></span> 
     </span>
     <span class='ocr_line' id='line_1_5' title="bbox 398 1093 2404 1164; baseline 0 -18"><span class='ocrx_word' id='word_1_20' title='bbox 398 1093 676 1146; x_wconf 77' lang='lat' dir='ltr'>tradidisse</span> <span class='ocrx_word' id='word_1_21' title='bbox 713 1094 1003 1147; x_wconf 84' lang='lat' dir='ltr'>videantur.</span> <span class='ocrx_word' id='word_1_22' title='bbox 1075 1094 1212 1146; x_wconf 88' lang='lat' dir='ltr'>Nam</span> <span class='ocrx_word' id='word_1_23' title='bbox 1252 1098 1313 1147; x_wconf 91' lang='lat' dir='ltr'>ut</span> <span class='ocrx_word' id='word_1_24' title='bbox 1350 1110 1381 1145; x_wconf 84' lang='lat' dir='ltr'>a</span> <span class='ocrx_word' id='word_1_25' title='bbox 1417 1096 1631 1146; x_wconf 84' lang='lat' dir='ltr'>minima</span> <span class='ocrx_word' id='word_1_26' title='bbox 1667 1110 1914 1148; x_wconf 84' lang='lat' dir='ltr'>mensura</span> <span class='ocrx_word' id='word_1_27' title='bbox 1958 1098 2164 1147; x_wconf 87' lang='lat' dir='ltr'>initium</span> <span class='ocrx_word' id='word_1_28' title='bbox 2200 1096 2404 1164; x_wconf 84' lang='lat' dir='ltr'>faciam,</span> 
     </span>
    </p>
   </div>
   <div class='ocr_carea' id='block_1_3' title="bbox 612 1198 2528 1530">
    <p class='ocr_par' dir='ltr' id='par_1_5' title="bbox 612 1198 2528 1442">
     <span class='ocr_line' id='line_1_6' title="bbox 615 1198 2527 1265; baseline 0.002 -17"><span class='ocrx_word' id='word_1_29' title='bbox 615 1200 896 1249; x_wconf 82' lang='lat' dir='ltr'>Curiosum</span> <span class='ocrx_word' id='word_1_30' title='bbox 934 1199 1080 1249; x_wconf 91' lang='lat' dir='ltr'>urbis</span> <span class='ocrx_word' id='word_1_31' title='bbox 1100 1198 1142 1265; x_wconf 83' lang='lat'>⁷)</span> <span class='ocrx_word' id='word_1_32' title='bbox 1180 1238 2106 1249; x_wconf 88' lang='grc'><strong>....................</strong></span> <span class='ocrx_word' id='word_1_33' title='bbox 2162 1199 2323 1265; x_wconf 90' lang='lat' dir='ltr'>pedes</span> <span class='ocrx_word' id='word_1_34' title='bbox 2365 1199 2460 1251; x_wconf 90' lang='lat' dir='ltr'>CII</span> <span class='ocrx_word' id='word_1_35' title='bbox 2476 1199 2527 1252; x_wconf 82' lang='lat' dir='ltr'>S.</span> 
     </span>
     <span class='ocr_line' id='line_1_7' title="bbox 612 1288 2528 1355; baseline 0.001 -20"><span class='ocrx_word' id='word_1_36' title='bbox 612 1288 675 1335; x_wconf 93' lang='lat' dir='ltr'>D.</span> <span class='ocrx_word' id='word_1_37' title='bbox 720 1289 1076 1353; x_wconf 80' lang='lat' dir='ltr'>Hieronymus</span> <span class='ocrx_word' id='word_1_38' title='bbox 1181 1324 2110 1336; x_wconf 88' lang='grc'><strong><em>....................</em></strong></span> <span class='ocrx_word' id='word_1_39' title='bbox 2223 1327 2248 1355; x_wconf 86' lang='lat'>„</span> <span class='ocrx_word' id='word_1_40' title='bbox 2369 1288 2528 1338; x_wconf 90' lang='lat' dir='ltr'>CVII.</span> 
     </span>
     <span class='ocr_line' id='line_1_8' title="bbox 615 1375 2471 1442; baseline -0.001 -18"><span class='ocrx_word' id='word_1_41' title='bbox 615 1376 819 1425; x_wconf 88' lang='lat' dir='ltr'>Plinius</span> <span class='ocrx_word' id='word_1_42' title='bbox 858 1392 885 1423; x_wconf 93' lang='lat' dir='ltr'>e</span> <span class='ocrx_word' id='word_1_43' title='bbox 922 1376 1142 1441; x_wconf 86' lang='lat' dir='ltr'>vulgata</span> <span class='ocrx_word' id='word_1_44' title='bbox 1177 1375 1399 1422; x_wconf 87' lang='lat' dir='ltr'>lectione</span> <span class='ocrx_word' id='word_1_45' title='bbox 1422 1411 2104 1422; x_wconf 88' lang='grc'><strong>...............</strong></span> <span class='ocrx_word' id='word_1_46' title='bbox 2215 1413 2240 1442; x_wconf 86' lang='lat'>„</span> <span class='ocrx_word' id='word_1_47' title='bbox 2360 1375 2471 1424; x_wconf 88' lang='lat' dir='ltr'>CX.</span> 
     </span>
    </p>

    <p class='ocr_par' dir='ltr' id='par_1_6' title="bbox 617 1461 2527 1530">
     <span class='ocr_line' id='line_1_9' title="bbox 617 1461 2527 1530; baseline -0.001 -17"><span class='ocrx_word' id='word_1_48' title='bbox 617 1463 900 1514; x_wconf 82' lang='lat' dir='ltr'>Suetonius</span> <span class='ocrx_word' id='word_1_49' title='bbox 936 1462 1126 1510; x_wconf 76' lang='lat' dir='ltr'>Neron.</span> <span class='ocrx_word' id='word_1_50' title='bbox 1165 1477 1204 1509; x_wconf 90' lang='lat' dir='ltr'>c.</span> <span class='ocrx_word' id='word_1_51' title='bbox 1248 1461 1310 1510; x_wconf 87' lang='lat'>31</span> <span class='ocrx_word' id='word_1_52' title='bbox 1377 1498 2109 1510; x_wconf 86' lang='lat'><strong>................</strong></span> <span class='ocrx_word' id='word_1_53' title='bbox 2221 1501 2246 1530; x_wconf 87' lang='lat'>„</span> <span class='ocrx_word' id='word_1_54' title='bbox 2359 1463 2527 1511; x_wconf 87' lang='lat' dir='ltr'>CXX.</span> 
     </span>
    </p>
   </div>
   <div class='ocr_carea' id='block_1_4' title="bbox 393 1563 2547 2242">
    <p class='ocr_par' dir='ltr' id='par_1_7' title="bbox 393 1563 2547 2242">
     <span class='ocr_line' id='line_1_10' title="bbox 400 1563 2529 1633; baseline 0 -17"><span class='ocrx_word' id='word_1_55' title='bbox 400 1569 784 1617; x_wconf 83' lang='lat' dir='ltr'>enumerarunt.</span> <span class='ocrx_word' id='word_1_56' title='bbox 834 1564 906 1613; x_wconf 88' lang='lat' dir='ltr'>Et</span> <span class='ocrx_word' id='word_1_57' title='bbox 942 1563 1073 1612; x_wconf 92' lang='lat' dir='ltr'>bene</span> <span class='ocrx_word' id='word_1_58' title='bbox 1104 1563 1313 1628; x_wconf 92' lang='lat' dir='ltr'>quidem</span> <span class='ocrx_word' id='word_1_59' title='bbox 1335 1564 1593 1630; x_wconf 86' lang='lat' dir='ltr'>Bergkius</span> <span class='ocrx_word' id='word_1_60' title='bbox 1621 1568 1853 1614; x_wconf 84' lang='lat' dir='ltr'>exercitt.</span> <span class='ocrx_word' id='word_1_61' title='bbox 1890 1566 2021 1614; x_wconf 87' lang='lat' dir='ltr'>Plin.</span> <span class='ocrx_word' id='word_1_62' title='bbox 2048 1566 2088 1633; x_wconf 87' lang='lat'>1,</span> <span class='ocrx_word' id='word_1_63' title='bbox 2126 1582 2172 1632; x_wconf 91' lang='lat' dir='ltr'>p.</span> <span class='ocrx_word' id='word_1_64' title='bbox 2212 1568 2255 1614; x_wconf 79' lang='lat'>7.</span> <span class='ocrx_word' id='word_1_65' title='bbox 2293 1567 2529 1616; x_wconf 89' lang='lat' dir='ltr'>animad-</span> 
     </span>
     <span class='ocr_line' id='line_1_11' title="bbox 397 1651 2527 1718; baseline -0.001 -15"><span class='ocrx_word' id='word_1_66' title='bbox 397 1656 559 1703; x_wconf 84' lang='lat' dir='ltr'>vertit</span> <span class='ocrx_word' id='word_1_67' title='bbox 607 1651 747 1718; x_wconf 89' lang='lat' dir='ltr'>apud</span> <span class='ocrx_word' id='word_1_68' title='bbox 794 1651 1021 1700; x_wconf 91' lang='lat' dir='ltr'>Plinium</span> <span class='ocrx_word' id='word_1_69' title='bbox 1070 1653 1144 1699; x_wconf 83' lang='lat' dir='ltr'>ita</span> <span class='ocrx_word' id='word_1_70' title='bbox 1180 1651 1341 1717; x_wconf 87' lang='lat' dir='ltr'>vulgo</span> <span class='ocrx_word' id='word_1_71' title='bbox 1388 1655 1581 1700; x_wconf 86' lang='lat' dir='ltr'>rectius</span> <span class='ocrx_word' id='word_1_72' title='bbox 1626 1652 1731 1718; x_wconf 86' lang='lat' dir='ltr'>legi</span> <span class='ocrx_word' id='word_1_73' title='bbox 1768 1669 1924 1717; x_wconf 85' lang='lat' dir='ltr'>quam</span> <span class='ocrx_word' id='word_1_74' title='bbox 1972 1653 2112 1718; x_wconf 90' lang='lat' dir='ltr'>quod</span> <span class='ocrx_word' id='word_1_75' title='bbox 2160 1657 2331 1701; x_wconf 88' lang='lat' dir='ltr'>estin</span> <span class='ocrx_word' id='word_1_76' title='bbox 2366 1654 2527 1702; x_wconf 89' lang='lat' dir='ltr'>Bam-</span> 
     </span>
     <span class='ocr_line' id='line_1_12' title="bbox 397 1737 2524 1804; baseline 0.001 -15"><span class='ocrx_word' id='word_1_77' title='bbox 397 1740 643 1804; x_wconf 84' lang='lat' dir='ltr'>bergensi</span> <span class='ocrx_word' id='word_1_78' title='bbox 686 1737 768 1803; x_wconf 81' lang='lat' dir='ltr'>qui</span> <span class='ocrx_word' id='word_1_79' title='bbox 809 1737 1065 1802; x_wconf 75' lang='lat' dir='ltr'>nonayinta</span> <span class='ocrx_word' id='word_1_80' title='bbox 1103 1737 1282 1803; x_wconf 79' lang='lat' dir='ltr'>pedum</span> <span class='ocrx_word' id='word_1_81' title='bbox 1328 1737 1687 1803; x_wconf 72' lang='lat' dir='ltr'>lonyitudinem;</span> <span class='ocrx_word' id='word_1_82' title='bbox 1727 1755 1846 1789; x_wconf 85' lang='lat' dir='ltr'>nam</span> <span class='ocrx_word' id='word_1_83' title='bbox 1886 1741 1960 1789; x_wconf 89' lang='lat' dir='ltr'>sic</span> <span class='ocrx_word' id='word_1_84' title='bbox 2009 1737 2249 1790; x_wconf 82' lang='lat' dir='ltr'>Charetis</span> <span class='ocrx_word' id='word_1_85' title='bbox 2287 1741 2524 1791; x_wconf 87' lang='lat' dir='ltr'>colossus</span> 
     </span>
     <span class='ocr_line' id='line_1_13' title="bbox 397 1823 2547 1895; baseline 0 -20"><span class='ocrx_word' id='word_1_86' title='bbox 397 1830 486 1894; x_wconf 88' lang='lat' dir='ltr'>qui</span> <span class='ocrx_word' id='word_1_87' title='bbox 534 1827 636 1874; x_wconf 85' lang='lat' dir='ltr'>fuit</span> <span class='ocrx_word' id='word_1_88' title='bbox 691 1824 982 1873; x_wconf 86' lang='lat' dir='ltr'>cubitorum</span> <span class='ocrx_word' id='word_1_89' title='bbox 1032 1828 1367 1891; x_wconf 85' lang='lat' dir='ltr'>septuaginta</span> <span class='ocrx_word' id='word_1_90' title='bbox 1423 1824 1487 1890; x_wconf 88' lang='lat' dir='ltr'>(i.</span> <span class='ocrx_word' id='word_1_91' title='bbox 1534 1841 1574 1872; x_wconf 92' lang='lat' dir='ltr'>e.</span> <span class='ocrx_word' id='word_1_92' title='bbox 1634 1824 1826 1890; x_wconf 90' lang='lat' dir='ltr'>pedum</span> <span class='ocrx_word' id='word_1_93' title='bbox 1875 1823 2002 1890; x_wconf 92' lang='lat' dir='ltr'>CV)</span> <span class='ocrx_word' id='word_1_94' title='bbox 2051 1825 2198 1875; x_wconf 87' lang='lat' dir='ltr'>illum</span> <span class='ocrx_word' id='word_1_95' title='bbox 2247 1826 2547 1895; x_wconf 20' lang='lat' dir='ltr'>altitudine*</span> 
     </span>
     <span class='ocr_line' id='line_1_14' title="bbox 396 1912 2525 1981; baseline 0 -17"><span class='ocrx_word' id='word_1_96' title='bbox 396 1917 684 1981; x_wconf 81' lang='lat' dir='ltr'>superaret,</span> <span class='ocrx_word' id='word_1_97' title='bbox 723 1929 884 1978; x_wconf 92' lang='lat' dir='ltr'>quum</span> <span class='ocrx_word' id='word_1_98' title='bbox 932 1912 1141 1962; x_wconf 87' lang='lat' dir='ltr'>disertis</span> <span class='ocrx_word' id='word_1_99' title='bbox 1188 1912 1365 1962; x_wconf 83' lang='lat' dir='ltr'>verbis</span> <span class='ocrx_word' id='word_1_100' title='bbox 1404 1913 1559 1979; x_wconf 89' lang='lat' dir='ltr'>paulo</span> <span class='ocrx_word' id='word_1_101' title='bbox 1609 1917 1730 1962; x_wconf 89' lang='lat' dir='ltr'>ante</span> <span class='ocrx_word' id='word_1_102' title='bbox 1778 1912 1981 1963; x_wconf 89' lang='lat' dir='ltr'>Plinius</span> <span class='ocrx_word' id='word_1_103' title='bbox 2028 1929 2209 1963; x_wconf 78' lang='lat' dir='ltr'>omnem</span> <span class='ocrx_word' id='word_1_104' title='bbox 2254 1914 2525 1980; x_wconf 79' lang='lat' dir='ltr'>amplitudi-</span> 
     </span>
     <span class='ocr_line' id='line_1_15' title="bbox 394 2000 2524 2067; baseline 0 -14"><span class='ocrx_word' id='word_1_105' title='bbox 394 2019 499 2053; x_wconf 77' lang='lat' dir='ltr'>nem</span> <span class='ocrx_word' id='word_1_106' title='bbox 533 2010 796 2051; x_wconf 78' lang='lat' dir='ltr'>statuarum</span> <span class='ocrx_word' id='word_1_107' title='bbox 833 2000 932 2050; x_wconf 72' lang='lat' dir='ltr'>eius</span> <span class='ocrx_word' id='word_1_108' title='bbox 963 2000 1149 2067; x_wconf 47' lang='lat' dir='ltr'>ymera&amp;</span> <span class='ocrx_word' id='word_1_109' title='bbox 1187 2018 1217 2049; x_wconf 89' lang='lat' dir='ltr'>a</span> <span class='ocrx_word' id='word_1_110' title='bbox 1252 2000 1521 2049; x_wconf 91' lang='lat' dir='ltr'>Zenodoto</span> <span class='ocrx_word' id='word_1_111' title='bbox 1565 2003 1761 2050; x_wconf 86' lang='lat' dir='ltr'>victam</span> <span class='ocrx_word' id='word_1_112' title='bbox 1810 2017 1925 2050; x_wconf 90' lang='lat' dir='ltr'>esse</span> <span class='ocrx_word' id='word_1_113' title='bbox 1961 2001 2245 2051; x_wconf 86' lang='lat' dir='ltr'>tradiderit.</span> <span class='ocrx_word' id='word_1_114' title='bbox 2318 2002 2524 2065; x_wconf 80' lang='lat' dir='ltr'>Quibus</span> 
     </span>
     <span class='ocr_line' id='line_1_16' title="bbox 394 2087 2524 2156; baseline -0.001 -16"><span class='ocrx_word' id='word_1_115' title='bbox 394 2107 555 2156; x_wconf 92' lang='lat' dir='ltr'>quum</span> <span class='ocrx_word' id='word_1_116' title='bbox 605 2092 763 2139; x_wconf 82' lang='lat' dir='ltr'>etiam</span> <span class='ocrx_word' id='word_1_117' title='bbox 811 2090 1013 2154; x_wconf 87' lang='lat' dir='ltr'>priores</span> <span class='ocrx_word' id='word_1_118' title='bbox 1062 2089 1181 2137; x_wconf 86' lang='lat' dir='ltr'>illae</span> <span class='ocrx_word' id='word_1_119' title='bbox 1229 2104 1506 2138; x_wconf 83' lang='lat' dir='ltr'>mensurae</span> <span class='ocrx_word' id='word_1_120' title='bbox 1556 2087 1917 2154; x_wconf 80' lang='lat' dir='ltr'>repudientur,</span> <span class='ocrx_word' id='word_1_121' title='bbox 1970 2088 2099 2137; x_wconf 91' lang='lat' dir='ltr'>nihil</span> <span class='ocrx_word' id='word_1_122' title='bbox 2143 2105 2269 2139; x_wconf 90' lang='lat' dir='ltr'>sane</span> <span class='ocrx_word' id='word_1_123' title='bbox 2315 2090 2524 2140; x_wconf 81' lang='lat' dir='ltr'>facilius</span> 
     </span>
     <span class='ocr_line' id='line_1_17' title="bbox 393 2174 2524 2242; baseline -0.001 -15"><span class='ocrx_word' id='word_1_124' title='bbox 393 2182 535 2227; x_wconf 90' lang='lat' dir='ltr'>esset</span> <span class='ocrx_word' id='word_1_125' title='bbox 579 2194 736 2242; x_wconf 91' lang='lat' dir='ltr'>quam</span> <span class='ocrx_word' id='word_1_126' title='bbox 782 2180 842 2225; x_wconf 91' lang='lat' dir='ltr'>ut</span> <span class='ocrx_word' id='word_1_127' title='bbox 879 2192 907 2224; x_wconf 92' lang='lat' dir='ltr'>e</span> <span class='ocrx_word' id='word_1_128' title='bbox 946 2175 1185 2225; x_wconf 86' lang='lat' dir='ltr'>Suetonii</span> <span class='ocrx_word' id='word_1_129' title='bbox 1222 2175 1337 2224; x_wconf 90' lang='lat' dir='ltr'>loco</span> <span class='ocrx_word' id='word_1_130' title='bbox 1376 2174 1645 2225; x_wconf 91' lang='lat' dir='ltr'>denarium</span> <span class='ocrx_word' id='word_1_131' title='bbox 1683 2191 1957 2225; x_wconf 89' lang='lat' dir='ltr'>numerum</span> <span class='ocrx_word' id='word_1_132' title='bbox 1993 2174 2163 2224; x_wconf 89' lang='lat' dir='ltr'>Plinio</span> <span class='ocrx_word' id='word_1_133' title='bbox 2202 2174 2524 2226; x_wconf 88' lang='lat' dir='ltr'>adderemus.</span> 
     </span>
    </p>
   </div>
   <div class='ocr_carea' id='block_1_5' title="bbox 392 2289 2525 2448">
    <p class='ocr_par' dir='ltr' id='par_1_8' title="bbox 392 2289 2525 2448">
     <span class='ocr_line' id='line_1_18' title="bbox 534 2289 2525 2354; baseline -0.001 -13"><span class='ocrx_word' id='word_1_134' title='bbox 534 2294 734 2341; x_wconf 90' lang='lat' dir='ltr'>Verum</span> <span class='ocrx_word' id='word_1_135' title='bbox 773 2292 873 2339; x_wconf 91' lang='lat' dir='ltr'>alio</span> <span class='ocrx_word' id='word_1_136' title='bbox 912 2309 1009 2339; x_wconf 88' lang='lat' dir='ltr'>nos</span> <span class='ocrx_word' id='word_1_137' title='bbox 1048 2291 1245 2339; x_wconf 90' lang='lat' dir='ltr'>ducunt</span> <span class='ocrx_word' id='word_1_138' title='bbox 1282 2290 1518 2339; x_wconf 90' lang='lat' dir='ltr'>codicum</span> <span class='ocrx_word' id='word_1_139' title='bbox 1570 2307 1691 2339; x_wconf 90' lang='lat' dir='ltr'>mss.</span> <span class='ocrx_word' id='word_1_140' title='bbox 1728 2292 1981 2354; x_wconf 82' lang='lat' dir='ltr'>vestigia,</span> <span class='ocrx_word' id='word_1_141' title='bbox 2029 2293 2089 2338; x_wconf 88' lang='lat' dir='ltr'>ut</span> <span class='ocrx_word' id='word_1_142' title='bbox 2135 2291 2290 2337; x_wconf 83' lang='lat' dir='ltr'>etiam</span> <span class='ocrx_word' id='word_1_143' title='bbox 2328 2289 2525 2340; x_wconf 87' lang='lat' dir='ltr'>dimidii</span> 
     </span>
     <span class='ocr_line' id='line_1_19' title="bbox 392 2376 2522 2448; baseline -0.003 -18"><span class='ocrx_word' id='word_1_144' title='bbox 392 2382 531 2431; x_wconf 82' lang='lat' dir='ltr'>illius</span> <span class='ocrx_word' id='word_1_145' title='bbox 553 2381 699 2448; x_wconf 86' lang='lat' dir='ltr'>pedis</span> <span class='ocrx_word' id='word_1_146' title='bbox 721 2395 877 2447; x_wconf 90' lang='lat' dir='ltr'>quem</span> <span class='ocrx_word' id='word_1_147' title='bbox 892 2383 1134 2425; x_wconf 85' lang='lat' dir='ltr'>accurate</span> <span class='ocrx_word' id='word_1_148' title='bbox 1150 2382 1413 2425; x_wconf 87' lang='lat' dir='ltr'>curiosum</span> <span class='ocrx_word' id='word_1_149' title='bbox 1434 2381 1725 2425; x_wconf 87' lang='lat' dir='ltr'>nominavit</span> <span class='ocrx_word' id='word_1_150' title='bbox 1745 2380 1876 2423; x_wconf 88' lang='lat' dir='ltr'>ratio</span> <span class='ocrx_word' id='word_1_151' title='bbox 1893 2376 2073 2423; x_wconf 85' lang='lat' dir='ltr'>haberi</span> <span class='ocrx_word' id='word_1_152' title='bbox 2094 2393 2249 2440; x_wconf 92' lang='lat' dir='ltr'>posse</span> <span class='ocrx_word' id='word_1_153' title='bbox 2270 2376 2522 2424; x_wconf 85' lang='lat' dir='ltr'>videatur.</span> 
     </span>
    </p>
   </div>
   <div class='ocr_carea' id='block_1_6' title="bbox 391 2490 2522 2635">
    <p class='ocr_par' dir='ltr' id='par_1_9' title="bbox 391 2490 2522 2635">
     <span class='ocr_line' id='line_1_20' title="bbox 534 2490 2522 2559; baseline -0.001 -13"><span class='ocrx_word' id='word_1_154' title='bbox 534 2497 686 2546; x_wconf 81' lang='lat' dir='ltr'>Unus</span> <span class='ocrx_word' id='word_1_155' title='bbox 726 2499 862 2545; x_wconf 86' lang='lat' dir='ltr'>enim</span> <span class='ocrx_word' id='word_1_156' title='bbox 901 2492 1010 2544; x_wconf 81' lang='lat' dir='ltr'>eod.</span> <span class='ocrx_word' id='word_1_157' title='bbox 1047 2492 1212 2544; x_wconf 70' lang='lat' dir='ltr'>Paris</span> <span class='ocrx_word' id='word_1_158' title='bbox 1252 2492 1300 2543; x_wconf 86' lang='lat' dir='ltr'>h.</span> <span class='ocrx_word' id='word_1_159' title='bbox 1338 2493 1683 2559; x_wconf 80' lang='lat' dir='ltr'>interpolatus</span> <span class='ocrx_word' id='word_1_160' title='bbox 1714 2491 1812 2544; x_wconf 89' lang='lat' dir='ltr'>CX</span> <span class='ocrx_word' id='word_1_161' title='bbox 1850 2490 2008 2558; x_wconf 89' lang='lat' dir='ltr'>pedes</span> <span class='ocrx_word' id='word_1_162' title='bbox 2045 2495 2298 2559; x_wconf 83' lang='lat' dir='ltr'>numerat,</span> <span class='ocrx_word' id='word_1_163' title='bbox 2337 2492 2522 2559; x_wconf 89' lang='lat' dir='ltr'>reliqui</span> 
     </span>
     <span class='ocr_line' id='line_1_21' title="bbox 391 2586 775 2635; baseline -0.008 0"><span class='ocrx_word' id='word_1_164' title='bbox 391 2587 520 2635; x_wconf 88' lang='lat' dir='ltr'>haec</span> <span class='ocrx_word' id='word_1_165' title='bbox 559 2586 775 2634; x_wconf 85' lang='lat' dir='ltr'>habent:</span> 
     </span>
    </p>
   </div>
   <div class='ocr_carea' id='block_1_7' title="bbox 607 2686 2491 3020">
    <p class='ocr_par' dir='ltr' id='par_1_10' title="bbox 607 2686 2491 3020">
     <span class='ocr_line' id='line_1_22' title="bbox 607 2686 2328 2738; baseline -0.002 0"><span class='ocrx_word' id='word_1_166' title='bbox 607 2689 730 2738; x_wconf 84' lang='lat' dir='ltr'>Cod.</span> <span class='ocrx_word' id='word_1_167' title='bbox 764 2690 795 2737; x_wconf 95' lang='lat' dir='ltr'>d</span> <span class='ocrx_word' id='word_1_168' title='bbox 873 2725 2233 2736; x_wconf 88' lang='grc'><strong>.............................</strong></span> <span class='ocrx_word' id='word_1_169' title='bbox 2272 2686 2328 2734; x_wconf 88' lang='grc' dir='ltr'>Χ</span> 
     </span>
     <span class='ocr_line' id='line_1_23' title="bbox 646 2773 2436 2845; baseline -0.002 -18"><span class='ocrx_word' id='word_1_170' title='bbox 646 2818 670 2845; x_wconf 88' lang='lat'>„</span> <span class='ocrx_word' id='word_1_171' title='bbox 765 2778 988 2827; x_wconf 86' lang='lat' dir='ltr'>Riccard</span> <span class='ocrx_word' id='word_1_172' title='bbox 1015 2812 2227 2826; x_wconf 87' lang='grc'><strong>..........................</strong></span> <span class='ocrx_word' id='word_1_173' title='bbox 2267 2773 2436 2823; x_wconf 86' lang='lat' dir='ltr'>CCIX</span> 
     </span>
     <span class='ocr_line' id='line_1_24' title="bbox 646 2860 2450 2932; baseline -0.003 -17"><span class='ocrx_word' id='word_1_174' title='bbox 646 2904 671 2932; x_wconf 86' lang='lat'>„</span> <span class='ocrx_word' id='word_1_175' title='bbox 767 2865 1061 2914; x_wconf 87' lang='lat' dir='ltr'>Vossianus</span> <span class='ocrx_word' id='word_1_176' title='bbox 1111 2902 1363 2914; x_wconf 92' lang='grc'><strong>......</strong></span> <span class='ocrx_word' id='word_1_177' title='bbox 1411 2868 1495 2915; x_wconf 91' lang='lat' dir='ltr'>cui</span> <span class='ocrx_word' id='word_1_178' title='bbox 1531 2865 1588 2914; x_wconf 95' lang='lat' dir='ltr'>X</span> <span class='ocrx_word' id='word_1_179' title='bbox 1625 2868 1653 2914; x_wconf 92' lang='lat' dir='ltr'>i.</span> <span class='ocrx_word' id='word_1_180' title='bbox 1692 2882 1733 2914; x_wconf 91' lang='lat' dir='ltr'>e.</span> <span class='ocrx_word' id='word_1_181' title='bbox 1790 2899 2232 2913; x_wconf 89' lang='grc'><strong>..........</strong></span> <span class='ocrx_word' id='word_1_182' title='bbox 2271 2860 2450 2910; x_wconf 93' lang='lat' dir='ltr'>CVIX</span> 
     </span>
     <span class='ocr_line' id='line_1_25' title="bbox 645 2948 2491 3020; baseline -0.003 -17"><span class='ocrx_word' id='word_1_183' title='bbox 645 2994 669 3019; x_wconf 88' lang='lat'>„</span> <span class='ocrx_word' id='word_1_184' title='bbox 767 2953 1170 3019; x_wconf 86' lang='lat' dir='ltr'>Bambergensis</span> <span class='ocrx_word' id='word_1_185' title='bbox 1206 2991 1215 3001; x_wconf 88' lang='lat'>.</span> <span class='ocrx_word' id='word_1_186' title='bbox 1254 2992 1263 3002; x_wconf 91' lang='lat'>.</span> <span class='ocrx_word' id='word_1_187' title='bbox 1304 2993 1313 3002; x_wconf 94' lang='lat'>.</span> <span class='ocrx_word' id='word_1_188' title='bbox 1352 2992 1362 3002; x_wconf 90' lang='lat'>.</span> <span class='ocrx_word' id='word_1_189' title='bbox 1412 2958 1500 3019; x_wconf 92' lang='lat' dir='ltr'>qui</span> <span class='ocrx_word' id='word_1_190' title='bbox 1538 2956 1821 3020; x_wconf 89' lang='lat' dir='ltr'>nonaginta</span> <span class='ocrx_word' id='word_1_191' title='bbox 1857 2955 1886 3001; x_wconf 89' lang='lat' dir='ltr'>i.</span> <span class='ocrx_word' id='word_1_192' title='bbox 1911 2968 1940 3001; x_wconf 93' lang='lat' dir='ltr'>e</span> <span class='ocrx_word' id='word_1_193' title='bbox 1943 2988 2231 3000; x_wconf 89' lang='grc'><strong>.......</strong></span> <span class='ocrx_word' id='word_1_194' title='bbox 2269 2948 2491 2999; x_wconf 92' lang='lat' dir='ltr'>CVIXC</span> 
     </span>
    </p>
   </div>
   <div class='ocr_carea' id='block_1_8' title="bbox 390 3054 2519 3212">
    <p class='ocr_par' dir='ltr' id='par_1_11' title="bbox 390 3054 2519 3212">
     <span class='ocr_line' id='line_1_26' title="bbox 390 3054 2517 3123; baseline -0.003 -15"><span class='ocrx_word' id='word_1_195' title='bbox 390 3060 529 3109; x_wconf 92' lang='lat' dir='ltr'>unde</span> <span class='ocrx_word' id='word_1_196' title='bbox 580 3058 810 3107; x_wconf 91' lang='lat' dir='ltr'>secundo</span> <span class='ocrx_word' id='word_1_197' title='bbox 860 3061 1009 3123; x_wconf 87' lang='lat' dir='ltr'>signo</span> <span class='ocrx_word' id='word_1_198' title='bbox 1059 3058 1196 3122; x_wconf 93' lang='lat' dir='ltr'>quod</span> <span class='ocrx_word' id='word_1_199' title='bbox 1245 3061 1297 3105; x_wconf 89' lang='lat' dir='ltr'>in</span> <span class='ocrx_word' id='word_1_200' title='bbox 1334 3058 1511 3105; x_wconf 88' lang='lat' dir='ltr'>Bamb.</span> <span class='ocrx_word' id='word_1_201' title='bbox 1550 3063 1602 3106; x_wconf 90' lang='lat' dir='ltr'>et</span> <span class='ocrx_word' id='word_1_202' title='bbox 1637 3058 1792 3105; x_wconf 89' lang='lat' dir='ltr'>Voss.</span> <span class='ocrx_word' id='word_1_203' title='bbox 1828 3058 2022 3123; x_wconf 87' lang='lat' dir='ltr'>legitur</span> <span class='ocrx_word' id='word_1_204' title='bbox 2056 3059 2110 3104; x_wconf 90' lang='lat' dir='ltr'>in</span> <span class='ocrx_word' id='word_1_205' title='bbox 2147 3054 2204 3103; x_wconf 90' lang='lat' dir='ltr'><em>X</em></span> <span class='ocrx_word' id='word_1_206' title='bbox 2243 3060 2296 3103; x_wconf 91' lang='lat' dir='ltr'>et</span> <span class='ocrx_word' id='word_1_207' title='bbox 2332 3055 2517 3103; x_wconf 89' lang='lat' dir='ltr'>ultimo</span> 
     </span>
     <span class='ocr_line' id='line_1_27' title="bbox 390 3140 2519 3212; baseline -0.002 -17"><span class='ocrx_word' id='word_1_208' title='bbox 390 3146 531 3212; x_wconf 93' lang='lat' dir='ltr'>quod</span> <span class='ocrx_word' id='word_1_209' title='bbox 568 3149 622 3194; x_wconf 93' lang='lat' dir='ltr'>in</span> <span class='ocrx_word' id='word_1_210' title='bbox 659 3161 764 3194; x_wconf 94' lang='lat' dir='ltr'>uno</span> <span class='ocrx_word' id='word_1_211' title='bbox 789 3144 968 3193; x_wconf 88' lang='lat' dir='ltr'>Bamb.</span> <span class='ocrx_word' id='word_1_212' title='bbox 995 3150 1168 3194; x_wconf 84' lang='lat' dir='ltr'>exstat</span> <span class='ocrx_word' id='word_1_213' title='bbox 1192 3148 1244 3193; x_wconf 89' lang='lat' dir='ltr'>in</span> <span class='ocrx_word' id='word_1_214' title='bbox 1267 3144 1308 3195; x_wconf 84' lang='lat' dir='ltr'><strong><em>S</em></strong></span> <span class='ocrx_word' id='word_1_215' title='bbox 1336 3150 1536 3194; x_wconf 90' lang='lat' dir='ltr'>mutato</span> <span class='ocrx_word' id='word_1_216' title='bbox 1574 3161 1847 3194; x_wconf 90' lang='lat' dir='ltr'>numerum</span> <span class='ocrx_word' id='word_1_217' title='bbox 1885 3146 2235 3194; x_wconf 86' lang='lat' dir='ltr'>nanciscimur</span> <span class='ocrx_word' id='word_1_218' title='bbox 2275 3140 2456 3193; x_wconf 84' lang='lat' dir='ltr'>CXIX</span> <span class='ocrx_word' id='word_1_219' title='bbox 2468 3140 2519 3193; x_wconf 86' lang='lat' dir='ltr'>S.</span> 
     </span>
    </p>
   </div>
   <div class='ocr_carea' id='block_1_9' title="bbox 513 3378 1603 3435">
    <p class='ocr_par' dir='ltr' id='par_1_12' title="bbox 513 3378 1603 3435">
     <span class='ocr_line' id='line_1_28' title="bbox 513 3378 1603 3435; baseline -0.001 -14"><span class='ocrx_word' id='word_1_220' title='bbox 513 3378 545 3432; x_wconf 83' lang='lat'>⁷)</span> <span class='ocrx_word' id='word_1_221' title='bbox 577 3383 751 3430; x_wconf 82' lang='lat' dir='ltr'>Preller,</span> <span class='ocrx_word' id='word_1_222' title='bbox 783 3383 848 3421; x_wconf 81' lang='lat' dir='ltr'>die</span> <span class='ocrx_word' id='word_1_223' title='bbox 879 3383 1084 3435; x_wconf 83' lang='lat' dir='ltr'>Regionen</span> <span class='ocrx_word' id='word_1_224' title='bbox 1115 3383 1186 3422; x_wconf 88' lang='lat' dir='ltr'>der</span> <span class='ocrx_word' id='word_1_225' title='bbox 1215 3383 1329 3423; x_wconf 82' lang='lat' dir='ltr'>stadt</span> <span class='ocrx_word' id='word_1_226' title='bbox 1358 3384 1459 3423; x_wconf 90' lang='lat' dir='ltr'>Rom</span> <span class='ocrx_word' id='word_1_227' title='bbox 1490 3398 1528 3434; x_wconf 89' lang='lat' dir='ltr'>p.</span> <span class='ocrx_word' id='word_1_228' title='bbox 1564 3384 1603 3421; x_wconf 82' lang='lat'>6.</span> 
     </span>
    </p>
   </div>
  </div>
 </body>
</html>
