3028 4365
1489 598 1556 654 18

454 758 617 808 supra
668 745 956 791 nominavit
1009 740 1213 790 Plinius
1268 744 1442 790 virum
1507 741 1631 791 alibi
1683 745 1946 808 ignotum,
2009 760 2166 809 quem
2218 748 2396 794 tamen
2450 748 2588 794 inter

454 828 693 880 Suetonii
752 832 993 877 auctores
1051 827 1219 876 fuisse
1281 833 1690 878 consentaneum
1754 832 1836 877 est
1890 828 2200 891 Decubnem,
2263 834 2353 896 qui
2413 831 2587 881 Fene-

453 916 680 981 stellam,
717 920 778 964 ut
814 915 1039 981 videtur,
1076 919 1131 965 in
1168 915 1443 965 annalibus
1479 916 1763 966 condendis
1799 920 2031 983 excepit,
2067 917 2141 966 M.
2160 916 2319 967 Tullii
2355 917 2586 967 Deculo-

451 1007 533 1052 nis
581 1020 624 1051 a.
660 1001 1078 1052 DCCCXXXV.
1128 1002 1358 1052 consulis
1426 1007 1629 1069 patrem
1676 1008 1769 1053 aut
1814 1022 1985 1067 avum.
2070 1004 2174 1066 Qui
2232 1022 2393 1071 quum
2432 1007 2585 1054 Linter

449 1091 567 1140 libri
629 1089 814 1138 decimi
869 1094 1112 1140 auctores
1165 1107 1196 1139 a
1248 1089 1419 1139 Plinio
1478 1095 1813 1141 enumeretur
1829 1129 1843 1157 ,
1917 1109 1980 1142 ea
2031 1108 2241 1158 quoque
2301 1092 2585 1147 tradidisse

451 1173 716 1243 putandus
754 1177 857 1243 est,
896 1189 1031 1241 quae
1070 1173 1133 1225 de
1170 1174 1366 1226 Tiberii
1401 1175 1690 1226 vinolentia
1724 1175 1804 1245 X,
1846 1177 1959 1227 154.
2004 1182 2306 1247 narrantur,
2358 1182 2411 1228 et
2448 1159 2582 1246 quae

448 1261 714 1329 XXXIV,
739 1262 820 1312 62.
842 1261 905 1312 de
926 1262 1147 1330 Lysippi
1176 1266 1366 1328 statua,
1403 1278 1560 1329 quam
1585 1265 1639 1311 in
1666 1262 1961 1312 cubiculum
1994 1265 2320 1314 transtulerit
2340 1265 2581 1314 Tiberius

451 1354 505 1401 et
539 1350 735 1418 populo
770 1350 1033 1417 flagitanti
1070 1349 1377 1417 reddiderit,
1429 1350 1570 1401 haud
1615 1350 1768 1401 dubie
1806 1351 2008 1401 Plinius
2046 1350 2110 1400 ab
2148 1350 2330 1401 eodem
2367 1356 2581 1402 auctore

451 1442 688 1506 sumpsit.
742 1439 927 1506 Itaque
964 1440 1106 1489 facili
1141 1442 1548 1505 transpositione
1588 1438 1857 1488 sanabitur
1891 1438 2053 1504 locus,
2089 1438 2180 1488 ubi
2217 1442 2510 1506 scripseris:

620 1576 841 1630 Ulixes.
914 1575 1109 1629 Pinxit
1165 1582 1224 1629 et
1269 1574 1593 1628 minoribus
1637 1582 1677 1628 t.
1722 1575 1759 1628 l.
1806 1595 1853 1628 e.
1900 1595 1955 1648 g.
2002 1594 2058 1648 p.
2101 1575 2135 1628 i.
2184 1594 2247 1630 se
2292 1575 2579 1641 reficienS,

618 1674 910 1728 fecundus
957 1673 1167 1728 artifex
1212 1699 1251 1729 e.
1282 1699 1322 1743 q.
1358 1699 1392 1726 s.

594 1827 818 1884 Quintum
834 1843 983 1893 yenus
1008 1827 1200 1876 delendo
1229 1830 1482 1876 contineri
1510 1843 1670 1892 supra
1695 1827 2182 1893 animadvertimus,
2213 1828 2352 1892 quod
2382 1832 2434 1875 et
2466 1833 2579 1876 tum

447 1917 802 1965 necessarium
839 1929 958 1963 esse
995 1918 1212 1980 apparet
1251 1930 1413 1979 quum
1450 1930 1513 1962 ea
1540 1930 1674 1979 quae
1703 1930 1734 1962 a
1760 1914 1983 1963 librariis
2020 1918 2217 1963 temere
2256 1918 2578 1979 repetuntur,

446 2019 581 2068 quae
616 2001 1000 2067 dittographiae
1038 2001 1392 2067 appellantur,
1441 2003 1754 2050 omittuntur
1793 2004 1846 2048 et
1882 2016 2044 2065 quum
2083 2017 2217 2065 quae
2258 2000 2580 2066 glossemata

444 2092 703 2143 vocantur
740 2087 1080 2138 illustrandae
1115 2086 1314 2137 scilicet
1352 2086 1622 2136 Plinianae
1654 2088 1903 2136 orationis
1941 2102 2100 2136 causa
2137 2087 2313 2136 verbis
2352 2089 2578 2154 primum

446 2177 709 2243 adscripta
737 2175 923 2226 deinde
961 2175 1096 2225 male
1134 2177 1331 2225 inserta
1359 2174 1425 2225 ad
1455 2174 1714 2225 eruditum
1741 2174 1853 2225 fere
1879 2177 2276 2241 grammaticum
2303 2174 2578 2225 referenda

442 2264 713 2329 videntur,
762 2266 852 2328 qui
897 2279 1088 2312 munus
1127 2262 1287 2311 libros
1325 2266 1600 2328 corruptos
1638 2262 1946 2311 emendandi
1984 2262 2193 2312 saeculo
2232 2267 2417 2327 quarto
2455 2267 2577 2328 post

445 2351 563 2404 Chr.
613 2370 661 2401 n.
707 2354 1022 2418 susceperat.
1093 2348 1272 2416 Atque
1322 2348 1374 2399 id
1417 2365 1585 2417 genus
1635 2365 1761 2398 sane
1809 2348 2170 2400 difficillimum
2216 2353 2268 2400 et
2316 2350 2576 2401 erroribus

446 2441 731 2492 obnoxium
779 2455 839 2490 eo
890 2442 1048 2489 etiam
1094 2438 1356 2489 difficilius
1396 2438 1630 2488 redditur
1666 2439 1806 2505 quod
1843 2455 1980 2488 nova
2017 2455 2408 2506 nonnumquam
2445 2442 2576 2488 vitia

443 2528 547 2577 iUis
601 2526 1025 2576 annotationibus
1074 2531 1436 2592 superstructa
1491 2531 1626 2577 sunt.
1700 2525 1938 2587 Quorum
1995 2543 2163 2592 pauca
2211 2531 2263 2577 et
2313 2530 2577 2592 exquisita

446 2615 714 2682 exempla,
753 2618 806 2664 in
836 2614 1025 2681 quibus
1054 2619 1145 2664 aut
1169 2613 1346 2679 plures
1371 2617 1463 2663 aut
1485 2630 1666 2663 omnes
1697 2612 1760 2662 de
1793 2612 1982 2679 quibus
2019 2613 2361 2678 loquebamur
2398 2630 2576 2664 emen-

446 2702 602 2751 dandi
638 2706 868 2751 rationes
905 2719 1010 2750 una
1048 2703 1370 2749 adhibendae
1407 2703 1700 2768 videantur,
1738 2705 2076 2768 proferamus.

1474 2950 1547 3032 X.

724 3125 992 3192 XXXIV,
1034 3126 1113 3174 70.
1160 3125 1519 3191 (Pamphilus)
1569 3124 1770 3178 docuit
1801 3124 2096 3179 neminem
2123 3123 2349 3177 talento
2384 3123 2573 3176 mino-

607 3222 686 3276 ris
732 3221 943 3276 annuis
992 3218 1102 3287 Χ»,
1150 3240 1330 3294 quam
1370 3220 1708 3277 mercedem
1744 3228 1805 3277 et
1835 3219 2081 3293 Apelles
2117 3225 2176 3276 et
2212 3218 2570 3277 Melanthius

612 3322 828 3376 dedere
877 3322 947 3374 ei.
