3028 4365
1534 537 1597 593 19

647 677 784 727 Mire
820 678 892 728 ibi
928 678 1133 729 codices
1162 681 1384 744 variant,
1419 695 1659 745 namque,
1694 683 1755 727 ut
1790 679 2030 729 meliores
2066 684 2269 729 tant-um
2308 695 2624 729 commemo-

505 780 643 830 rem,
677 764 807 816 haec
842 766 1110 832 leguntur:

787 885 945 937 Codd.
981 885 1079 936 BV
1121 916 1181 923 —
1220 886 1416 937 talento
1455 890 1668 938 minoris
1707 892 1892 938 annuis
1905 886 2012 938 {id
2021 927 2035 956 ,

841 1024 867 1051 „
979 984 1031 1034 R
1089 1001 1094 1005 ·
1123 1014 1182 1021 —
1221 985 1420 1035 talento
1455 988 1669 1036 minoris
1706 989 1915 1052 annuiS,

843 1118 868 1147 „
981 1082 1014 1128 d
1123 1111 1182 1116 —
1221 1082 1406 1129 talenti
1441 1086 1656 1130 minoris
1692 1086 1877 1129 annuis
1916 1083 2012 1147 d‘ss,

978 1181 1024 1227 T
1124 1208 1183 1214 —
1225 1183 1439 1228 minoris
1472 1182 1668 1228 talento
1707 1184 1906 1228 annuis.

840 1218 866 1247 v

647 1300 923 1352 Talentum
970 1301 1033 1352 ab
1084 1301 1270 1369 Apelle
1317 1301 1495 1351 datum
1544 1317 1661 1352 esse
1712 1301 2031 1352 Plutarchus
2076 1301 2220 1352 Arat
2262 1303 2338 1353 13.
2385 1304 2620 1355 tradidit:

507 1392 636 1444 ὥστε
672 1389 757 1446 καὶ,
790 1389 1018 1459 Ἀπελλῆν
1067 1396 1256 1445 ἐκεῖνον
1294 1390 1387 1458 ἤδη
1423 1389 1826 1458 θαυμαζόμενον
1862 1389 2136 1459 ἀφικέσθαι
2172 1391 2256 1444 καὶ
2291 1392 2626 1463 συγγενέσθαι

506 1489 611 1537 τοῖς
646 1477 900 1547 ἀνδρείαν
936 1481 1014 1531 ἐπὶ
1049 1478 1296 1545 ταλάντῳ.

647 1599 800 1661 Quod
835 1604 910 1649 ita
945 1602 1141 1653 factum
1180 1617 1297 1650 esse
1331 1601 1490 1649 Ianus
1527 1600 1715 1666 Silligii
1753 1616 2027 1649 assensum
2063 1605 2250 1648 nactus
2302 1604 2454 1649 acute
2499 1617 2625 1650 con—

503 1691 626 1737 iecit
669 1691 730 1737 ut
779 1691 1058 1753 quotannis
1096 1690 1344 1754 quingeni
1392 1687 1589 1736 denarii
1636 1704 1667 1735 a
1711 1687 1978 1752 discipulis
2025 1690 2384 1754 exigerentur,
2433 1687 2623 1753 quibus

501 1779 623 1841 post
654 1773 1015 1823 duodecimum
1043 1788 1235 1823 annum
1261 1789 1358 1823 sex
1383 1774 1526 1823 milia
1550 1773 1893 1839 denariorum,
1921 1775 1951 1822 i.
1972 1789 2012 1822 e.
2039 1774 2293 1824 talentum
2330 1774 2420 1839 (cf.
2445 1773 2473 1840 ξ
2499 1775 2620 1842 36.)7

504 1861 851 1928 explerentur.
900 1860 1100 1910 Verum
1136 1862 1273 1910 enim
1307 1876 1435 1910 vero
1472 1862 1799 1927 iniquissima
1824 1863 2062 1927 magistri
2086 1877 2148 1909 ea
2177 1864 2432 1911 severitas
2454 1862 2620 1911 fuisse

500 1947 735 2015 putanda
769 1952 931 2013 esset,
970 1963 1076 2011 qua
1110 1951 1164 1995 et
1190 1962 1280 1996 eos
1318 1950 1407 2012 qui
1443 1950 1596 2013 primi
1632 1950 1744 1996 eius
1774 1947 1984 1997 scholae
2016 1963 2073 1996 se
2101 1947 2423 2013 applicarent
2461 1949 2622 1998 disci-

500 2034 652 2102 pulos
689 2037 742 2084 et
776 2032 1017 2105 Apellem
1053 2049 1295 2101 magnam
1333 2037 1613 2100 antequam
1652 2033 1926 2102 Sicyonem
1963 2034 2379 2101 proficisceretur
2424 2036 2618 2086 famam

503 2121 750 2189 adeptum
785 2137 880 2188 per
916 2120 1186 2171 duodecim
1224 2137 1387 2171 annos
1423 2123 1560 2171 inter
1593 2124 1815 2188 tironeS,
1852 2125 2123 2189 retineret,
2172 2137 2365 2190 neque,
2421 2126 2619 2191 opinor,

499 2209 714 2276 Apelles
757 2213 867 2258 tam
913 2208 1124 2274 indigne
1174 2224 1231 2257 se
1276 2208 1457 2257 haberi
1502 2224 1669 2273 aequo
1728 2212 1898 2258 animo
1950 2210 2169 2258 tulisset
2243 2210 2426 2275 Itaque
2477 2214 2617 2259 recte

503 2296 568 2348 de
606 2313 668 2347 ea
702 2312 758 2347 re
796 2295 1054 2347 dubitavit
1078 2295 1342 2347 Brunnius
1368 2294 1434 2363 11,
1471 2312 1519 2363 p.
1538 2295 1678 2365 203„
1716 2299 1909 2347 rectius
1946 2300 2102 2348 etiam
2131 2296 2184 2348 C.
2205 2297 2262 2347 F.
2282 2297 2617 2349 Hermannus

500 2385 564 2436 de
594 2384 728 2435 stud.
760 2385 893 2434 artif.
927 2401 974 2451 p.
1003 2386 1083 2435 50.
1113 2388 1381 2451 antiquam
1410 2384 1814 2451 dittographiam
1839 2385 2016 2435 verbis
2046 2384 2201 2435 Plinii
2232 2389 2403 2436 inesse
2441 2390 2616 2452 suspi-

500 2476 650 2522 catus
687 2475 778 2521 est.
833 2471 1255 2537 Dittographiam
1291 2471 1574 2536 appellavit
1610 2471 1750 2536 quod
1786 2471 2047 2536 glossema
2082 2477 2382 2537 corruptum
2417 2488 2615 2522 vocan-

501 2561 623 2609 dum
661 2563 784 2608 erat.
848 2559 982 2608 Nam
1019 2562 1265 2624 antiquus
1299 2558 1387 2607 ille
1423 2562 1794 2624 grammaticus
1832 2559 2088 2608 talentum
2134 2577 2230 2607 sex
2276 2560 2417 2608 milia
2453 2560 2613 2608 dena-

499 2651 692 2696 riorum
728 2648 907 2714 fuisse,
948 2648 1085 2713 quod
1122 2663 1150 2694 e
1174 2647 1202 2713 g
1225 2648 1336 2695 136.
1374 2650 1607 2713 noverat,
1646 2662 1748 2712 quo
1778 2648 1965 2694 melius
1996 2647 2183 2694 lecturi
2211 2651 2463 2712 quantum
2492 2663 2613 2714 pre-

498 2738 631 2786 tium
666 2734 972 2785 nobilissimi
1009 2733 1233 2783 artifices
1269 2736 1520 2800 magistro
1546 2733 1928 2800 pependissent,
1966 2732 2329 2800 intelligerent,
2356 2734 2611 2784 vocabulo

498 2822 662 2872 talento
709 2824 1146 2888 superscripserat
1186 2817 1480 2873 IOOCIO-X.
1528 2819 1576 2870 E
1612 2823 1842 2870 numeris
1878 2817 2161 2869 IOOCIOX
2196 2828 2380 2885 postea
2414 2821 2612 2870 factum

500 2915 612 2963 erat
658 2908 970 2961 vocabulum
1016 2908 1187 2960 annuis
1220 2907 1294 2972 X,
1345 2909 1485 2976 quod
1521 2908 1585 2959 ab
1623 2908 1738 2959 aliis
1774 2907 1998 2958 librariis
2034 2910 2109 2957 ita
2157 2907 2496 2976 descriptum,
2545 2907 2610 2958 ab

499 2997 614 3051 aliis
651 3012 812 3065 quum
847 3012 1119 3050 numerum
1155 2995 1337 3050 deesse
1374 2995 1722 3064 intelligerent
1758 2998 1809 3048 in
1847 2995 2020 3048 amatis
2053 2995 2123 3048 d?-
2172 2995 2256 3048 vel
2291 2993 2605 3049 mamb-X-d‘

498 3090 758 3135 mutatum
796 3090 888 3134 est.
