3028 4365
1506 574 1540 626 5

466 707 683 779 ignobili
720 709 976 761 Graeculo
1016 713 1269 777 originem
1306 712 1556 763 duxisset.
1603 713 1678 763 At
1713 730 1838 763 vero
1865 713 2157 763 Germanici
2191 716 2441 779 magister
2476 731 2580 764 non

468 800 571 850 fuit
607 799 949 866 philosophus
987 799 1079 848 sed
1105 803 1281 849 orator
1301 800 1541 866 idemque
1564 800 1739 851 Ovidii
1774 805 1959 867 poetae
1997 804 2207 865 amicus,
2246 817 2399 866 quem
2437 806 2582 867 epist.

469 901 537 936 ex
572 886 742 936 Ponto
779 886 845 951 Π,
885 887 931 951 5,
968 903 1017 935 v.
1049 886 1131 934 41.
1167 888 1242 935 ita
1278 886 1580 952 alloquitur:

685 993 771 1049 Te
803 994 1079 1049 iuvenum
1112 994 1405 1068 princepS,
1446 996 1541 1051 cui
1577 996 1681 1051 dat
1708 992 2028 1050 Germania
2071 1014 2302 1061 nomen,

789 1094 1140 1166 participem
1185 1094 1364 1149 studii
1409 1093 1632 1150 Caesar
1673 1094 1892 1150 habere
1938 1094 2105 1149 solet.

615 1208 772 1258 Haud
801 1208 953 1258 dubie
990 1212 1150 1275 igitur
1185 1209 1502 1275 reliquorum
1529 1209 1765 1259 codicum
1802 1211 2085 1258 auctoritas
2122 1211 2175 1257 in
2211 1208 2353 1257 facili
2389 1208 2589 1258 litt-era-

475 1312 591 1346 rum
630 1294 675 1346 C
705 1300 757 1344 et
795 1294 835 1346 S
868 1299 1249 1362 permutatione
1287 1295 1662 1363 Bambergensi
1699 1296 2039 1362 praeferenda
2075 1301 2167 1344 est.

1497 1511 1565 1589 ΙΙ.

619 1658 1034 1724 Interpunetionem
1070 1663 1124 1708 in
1159 1663 1223 1708 iis
1261 1665 1565 1727 praesertim
1602 1662 1730 1710 locis
1758 1660 1911 1709 valde
1939 1663 2189 1708 incertam
2218 1675 2333 1708 esse
2372 1676 2592 1708 consen-

476 1751 693 1796 taneum
731 1751 835 1814 est,
884 1747 1072 1812 quibus
1119 1751 1209 1796 aut
1245 1751 1420 1797 varios
1458 1752 1696 1798 auctores
1734 1752 1825 1797 aut
1862 1764 2076 1813 operum
2112 1746 2359 1795 nobilium
2397 1748 2594 1796 catalo-

478 1851 575 1901 gos
620 1837 695 1883 ita
751 1838 1029 1901 exscripsit
1076 1835 1278 1885 Plinius
1324 1840 1384 1885 ut
1431 1836 1638 1885 diversa
1686 1852 1844 1901 opera
1890 1834 2041 1883 modo
2089 1837 2359 1883 interiecta
2406 1835 2592 1900 copula

482 1922 827 1988 distingueret
863 1921 1040 1988 modo,
1080 1923 1261 1987 quales
1297 1924 1408 1972 fere
1447 1924 1672 1989 catalogi
1710 1922 1896 1972 Graeci
1931 1922 2174 1971 videntur
2209 1922 2389 1987 fuisse,
2427 1920 2590 1973 ἀσυν-

480 2010 637 2068 ὃέτως
674 2015 1011 2060 enumeraret.
1083 2010 1145 2059 In
1180 2011 1371 2060 talibus
1410 2014 1547 2060 enim
1583 2028 1686 2060 non
1722 2014 1831 2059 tam
1870 2026 1898 2059 e
1934 2010 2142 2076 linguae
2186 2008 2389 2076 legibus
2435 2027 2590 2075 quam

481 2115 509 2147 e
546 2115 602 2147 re
638 2102 754 2162 ipsa
791 2103 842 2146 et
881 2102 1141 2147 sententia
1163 2084 1507 2147 'iudicandum
1553 2103 1656 2163 est,
1705 2103 1880 2147 utrum
1929 2097 2287 2161 coniungenda
2335 2115 2399 2145 an
2439 2114 2592 2162 sepa-

480 2184 643 2234 randa
679 2183 898 2233 artificia
943 2184 1230 2233 videantur.
1302 2184 1384 2233 Ita
1418 2183 1678 2251 XXXIV,
1731 2186 1759 2232 ’ἶ
1765 2185 1811 2232 9.
1858 2200 1960 2233 non
1996 2183 2269 2249 Lyciscam,
2316 2199 2591 2250 manyonem

451 2272 574 2322 -sed
594 2273 843 2339 Lyciscam
878 2289 1151 2338 manqonem
1190 2273 1253 2322 ab
1277 2271 1500 2322 Alexide
1538 2275 1733 2322 comico
1770 2275 1976 2322 irrisum
2014 2276 2065 2321 et
2102 2290 2133 2321 a
2168 2272 2433 2322 Leochare
2473 2288 2591 2321 aere

483 2376 734 2410 excusum
771 2362 935 2409 fuisse
971 2364 1074 2409 iam
1111 2363 1163 2408 in
1184 2360 1436 2409 Gerhardi
1474 2360 1649 2408 diariis
1686 2360 1937 2408 archaeol.
1965 2359 2113 2424 XIV,
2150 2377 2195 2424 p.
2218 2361 2332 2407 256.
2359 2359 2591 2407 animad-

481 2451 749 2497 vertimus.
822 2447 1021 2497 Eadem
1059 2452 1139 2496 est
1175 2450 1306 2495 ratio
1345 2446 1445 2495 loci
1483 2449 1571 2511 qui
1609 2449 1661 2495 in
1710 2446 1889 2496 eodem
1933 2445 2062 2495 libro
2108 2445 2135 2510 ἓ
2166 2447 2245 2495 66.
2284 2444 2346 2493 de
2382 2444 2591 2512 Euthy-

484 2539 624 2583 crate
662 2535 863 2601 legitur.
1074 2516 1081 2526 Ι

769 2633 976 2706 Itaque
1022 2633 1241 2704 optime
1283 2632 1572 2703 expressit
1607 2629 1926 2683 Herculem
1965 2629 2209 2699 Delphis
2245 2638 2303 2681 ct
2333 2630 2592 2681 Alexan-

654 2732 849 2798 drum,
899 2731 1173 2803 Thespiis
1218 2736 1560 2785 venatorem
1606 2735 1664 2783 et
1707 2728 1995 2802 proelium
2040 2734 2327 2800 equestre.

631 2835 813 2899 Neque
863 2837 997 2882 enim
1048 2832 1326 2898 quemlibet
1371 2835 1673 2880 venatorem
1710 2831 1919 2897 Lyssipi
1963 2831 2101 2879 filius
2146 2831 2362 2879 finxisse
2407 2836 2597 2895 putan—

491 2922 588 2974 dus
638 2927 717 2972 est
757 2922 847 2973 sed
883 2920 1264 2986 Alexandrum,
1320 2922 1482 2986 patris
1521 2919 1717 2969 scilicet
1755 2917 2053 2984 audaciam‚
2104 2934 2259 2984 quam
2296 2918 2595 2967 constantiam

490 3011 692 3076 Plinius
719 3010 1013 3077 appellavit,
1035 3008 1253 3059 imitatus.
1286 3006 1433 3058 Sicut
1458 3010 1616 3074 igitur
1636 3006 1899 3074 Lysippus
1923 3009 1976 3056 in
1997 3005 2598 3057 MacedoniaAlexandri

492 3104 546 3149 et
596 3101 827 3164 equitum
875 3101 963 3163 qui
1010 3097 1073 3146 ad
1121 3096 1398 3145 Granicum
1442 3094 1733 3145 ceciderant
1781 3097 2033 3160 imagines
2053 3092 2118 3160 ²),
2174 3093 2393 3159 Delphis
2438 3111 2601 3142 vena-

615 3308 648 3364 ²)
687 3314 786 3353 Plin.
818 3311 1023 3359 XXXIV,
1056 3312 1122 3350 64.
1170 3309 1326 3349 Arrian.
1344 3322 1431 3361 exp.
1452 3307 1516 3346 Al.
1539 3307 1576 3354 1,
1610 3309 1675 3353 16,
1711 3309 1745 3344 7.
1781 3306 1979 3346 Plutarch.
1998 3305 2113 3346 Alex.
2140 3308 2205 3346 16.
2239 3307 2343 3345 Vell.
2375 3306 2508 3353 Pat.1,
2536 3309 2601 3344 11.
