3028 4365
1525 571 1560 626 7

623 707 768 772 ‘Nam
796 708 925 759 illud
952 712 1093 758 recte
1121 708 1424 759 observavit
1452 710 1717 761 Brunnius
1740 728 1787 778 p.
1808 713 1946 778 207.,
1982 713 2213 762 Antaeum
2247 729 2436 763 nomen
2466 715 2605 780 quod

491 796 547 844 in
564 793 743 843 Bamb.
776 793 884 843 cod.
911 795 1105 860 legitur
1136 812 1168 844 a
1195 793 1397 860 Silligio
1426 812 1551 860 prae
1576 797 1892 861 reliquorum
1919 797 2062 847 codd.
2092 802 2348 864 scriptura
2366 800 2606 849 Ancaeum

491 884 752 947 sprem,
798 879 1002 931 Rhodio
1047 880 1245 931 homini
1291 883 1465 947 aptius
1502 897 1645 948 esse,
1694 898 1854 948 quum
1893 883 2059 933 simile
2095 882 2383 933 Antaeonis
2418 900 2607 934 nomen

493 970 547 1018 in
583 971 756 1020 numis
791 967 1012 1019 Rhodiis
1049 966 1187 1034 apud
1221 966 1471 1018 Mionnet.
1510 969 1675 1036 suppl.
1694 968 1786 1036 VI,
1823 985 1870 1036 p.
1899 969 2014 1020 586.
2042 972 2347 1020 inveniatur.
2394 970 2609 1021 Poterat

494 1058 652 1105 etiam
700 1056 922 1105 formam
954 1054 1154 1112 ’Ἀνταϊς
1199 1071 1267 1104 ex
1313 1054 1496 1105 eodem
1541 1055 1672 1106 libro
1720 1072 1766 1121 p.
1815 1056 1930 1106 591.
1979 1072 2406 1122 commemorare,
2475 1073 2608 1121 quae

492 1145 707 1209 propius
746 1145 902 1192 etiam
940 1140 1006 1192 ad
1040 1141 1313 1208 vulgarem
1347 1139 1566 1201 Ἀνταῖος
1601 1142 1812 1193 accedit.
1886 1141 2129 1192 Ceterum
2168 1145 2379 1207 quinam
2415 1143 2610 1193 fuerint

491 1229 703 1280 Antaeus
736 1229 976 1281 Rhodius
1013 1232 1104 1279 aut
1139 1228 1335 1279 Habron
1372 1228 1604 1297 Samius,
1651 1247 1819 1297 neque
1868 1233 1976 1281 scio
2023 1247 2191 1297 neque
2240 1232 2372 1280 scire
2418 1229 2609 1281 laboro.

489 1316 572 1366 De
617 1333 723 1366 una
771 1333 826 1366 re
871 1316 1025 1366 video
1075 1316 1300 1366 dubitari
1343 1332 1523 1383 posse,
1568 1333 1694 1367 num
1729 1318 1954 1367 fortasse
1991 1322 2111 1384 post
2145 1333 2258 1366 voc.
2295 1317 2611 1366 Menandrum

493 1420 681 1453 nomen
718 1407 857 1471 regis
892 1401 1185 1453 Pia-odarum
1222 1403 1484 1454 exciderit.
1536 1402 1690 1464 Quod
1725 1403 1838 1454 fieri
1875 1407 2109 1471 potuisse
2145 1403 2330 1453 lubens
2367 1405 2609 1473 conced0,

487 1492 686 1541 factum
733 1509 849 1541 esse
895 1492 1011 1542 ideo
1058 1508 1163 1542 non
1212 1491 1607 1559 affirmaverim,
1662 1475 1908 1558 quoniam
1945 1509 2337 1557 nonnumquam
2373 1495 2426 1541 in
2463 1498 2608 1542 cata-

489 1578 626 1645 logis
663 1582 871 1627 nomina
907 1582 1117 1645 propria
1154 1582 1347 1628 omissa
1385 1583 1438 1628 et
1460 1584 1769 1646 argumenta
1798 1584 2005 1628 tantum
2034 1579 2261 1628 indicata
2286 1596 2402 1629 esse
2422 1581 2607 1629 viden-

487 1670 600 1733 tur,
638 1668 787 1716 cuius
823 1682 954 1716 usus
991 1666 1127 1715 infra
1164 1667 1405 1733 exempla
1442 1667 1696 1733 quaedam
1732 1667 2051 1716 habebimus.

631 1782 832 1831 Verum
868 1783 997 1831 haec
1034 1786 1234 1831 minora
1270 1788 1393 1832 sunt
1430 1788 1483 1831 et
1519 1786 1616 1849 ita,
1665 1787 1767 1833 nisi
1801 1784 1977 1849 fallor,
2024 1789 2323 1849 comparata
2358 1789 2418 1833 ut
2453 1801 2508 1832 re
2545 1802 2606 1833 ac

489 1870 750 1917 sententia
803 1871 1071 1934 scriptoris
1117 1873 1392 1935 perspecta
1446 1869 1509 1918 de
1556 1869 1730 1918 verbis
1778 1886 1844 1919 ne
1901 1869 2123 1919 dubitari
2171 1869 2379 1935 quidem
2427 1873 2604 1935 possit.

627 1984 813 2033 Latius
870 1988 1016 2049 patet
1072 1984 1255 2033 tertium
1307 2002 1474 2051 genus
1525 1986 1663 2052 quod
1709 1986 1929 2035 mutando
1977 1988 2294 2050 continetur,
2362 1985 2602 2050 quodque

484 2070 676 2136 triplici
712 2070 864 2118 modo
914 2069 1146 2118 adhiberi
1182 2075 1380 2137 potest,
1434 2076 1494 2120 ut
1542 2077 1634 2121 aut
1681 2076 2008 2139 corrigantur
2053 2072 2255 2121 litterae
2302 2071 2601 2138 syllabaeve

486 2160 676 2208 vitiose
704 2161 929 2224 scriptae
957 2162 1048 2206 aut
1078 2158 1349 2207 deleantur
1384 2158 1519 2206 male
1554 2161 1781 2207 insertae
1818 2162 1909 2206 aut
1943 2161 2240 2206 inserantur
2275 2156 2601 2222 negligenter

486 2248 722 2294 omissae.
781 2244 842 2292 In
875 2261 977 2311 quo
1007 2261 1197 2311 genere
1230 2248 1328 2293 etsi
1355 2261 1545 2312 magna
1575 2261 1707 2311 opus
1743 2250 1825 2294 est
1855 2249 2092 2294 cautione
2123 2248 2280 2310 atque
2307 2243 2597 2311 prudentia,

451 2337 455 2342 '
483 2335 660 2382 tamen
699 2347 864 2398 aeque
901 2330 1191 2383 cavendum
1228 2335 1329 2398 est,
1376 2347 1442 2382 ne
1479 2334 1532 2382 in
1568 2334 1759 2382 iustam
1793 2332 2031 2382 licentiae
2069 2336 2120 2382 et
2156 2332 2383 2382 libidinis
2420 2347 2599 2398 repre-

484 2420 787 2469 hensionem
823 2421 1072 2483 incurras,
1111 2435 1171 2468 ac
1203 2435 1268 2468 ne
1294 2418 1542 2484 quidquid
1570 2421 1623 2468 in
1647 2418 1910 2469 codicibus
1937 2418 2143 2484 legitur,
2181 2419 2596 2483 superstitiosius

484 2522 641 2571 quam
683 2505 977 2570 religiosius
1015 2503 1290 2553 defendere
1329 2504 1661 2570 aggrediaris.
1728 2503 1832 2553 Ubi
1872 2507 2046 2553 autem
2084 2503 2255 2552 locum
2292 2506 2593 2567 corruptum

484 2609 600 2640 esse
638 2592 972 2656 intellexeris,
1012 2609 1073 2639 ea
1108 2593 1327 2638 mutatio
1365 2593 1551 2639 ceteris
1589 2595 1855 2655 praestare
1878 2590 2139 2639 videbitur
2167 2606 2301 2653 quae
2326 2593 2379 2638 et
2406 2589 2593 2638 ductus

481 2680 771 2727 litterarum
817 2682 1052 2744 proxime
1101 2683 1353 2743 sequatur
1400 2683 1452 2724 et
1500 2681 1789 2725 sententiae
1844 2680 2239 2742 argumentique
2294 2678 2594 2723 necessitati

482 2767 731 2816 consulat.
788 2766 930 2814 Talis
968 2770 1141 2814 autem
1178 2769 1395 2814 mutatio
1434 2768 1776 2813 certissimam
1801 2769 1926 2813 tunc
1958 2763 2370 2812 emendationem
2401 2761 2594 2810 efficiet

483 2868 643 2919 quum
689 2867 777 2903 eas
827 2867 957 2918 quas
1002 2867 1139 2903 nunc
1182 2854 1235 2901 in
1283 2851 1545 2901 codicibus
1592 2852 1841 2901 lectiones
1878 2854 2172 2900 invenimus
2210 2866 2277 2899 ex
2314 2854 2592 2916 antiquiori

483 2939 766 3007 exemplari
802 2939 935 2990 male
971 2938 1234 2990 intellecto
1256 2953 1429 2988 errore
1453 2940 1690 3005 primum,
1722 2936 1906 2988 deinde
1932 2940 2077 2987 irrito
2108 2936 2413 2987 emendandi
2436 2951 2594 2986 cona-

483 3031 620 3079 mine
657 3026 840 3077 ductas
878 3042 994 3076 esse
1032 3025 1312 3093 apparebit.
1385 3024 1539 3086 Quod
1587 3024 1651 3074 de
1698 3041 2032 3075 numerorum
2077 3027 2385 3091 praesertim
2430 3025 2594 3089 signis

482 3114 625 3163 valet
661 3117 963 3180 saepissime
998 3115 1052 3161 in
1087 3115 1352 3161 nominum
1388 3112 1777 3162 similitudinem
1815 3116 2087 3178 corruptis.
