3028 4365
1497 541 1562 597 13

473 686 766 735 enumerari
788 686 1021 749 potuisse
1058 689 1111 734 et
1140 685 1292 735 valde
1324 684 1563 749 displicet
1599 700 1661 733 ea
1686 700 1789 749 qua
1813 684 2058 734 librorum
2090 700 2212 734 mss.
2238 685 2488 734 lectiones
2516 685 2582 734 ad

463 773 671 821 textum
702 769 1079 819 emendandum
1106 770 1366 819 adhibitae
1397 774 1519 819 sunt
1553 771 1883 835 negligentia.
1937 770 2071 818 Nam
2098 774 2151 818 in
2177 788 2282 835 qua
2310 789 2367 819 re
2400 788 2581 820 omnes

467 859 676 921 praeter
701 856 1069 921 interpolatum
1095 857 1203 906 eod.
1222 857 1259 905 h
1279 860 1626 923 consentiunt,
1662 860 2077 906 terminationem
2103 858 2337 907 feminini
2356 863 2579 925 generis,

466 945 551 991 oui
596 945 765 991 omnis
813 942 1105 1008 corrigendi
1157 946 1289 991 ratio
1336 946 1487 992 inniti
1533 943 1778 1008 debebat,
1833 943 2066 1010 Silligius
2122 945 2367 1010 neglexit.
2442 944 2580 1005 Quid

467 1031 602 1078 enim
640 1029 827 1095 legunt
870 1028 1109 1078 codices?

891 1130 1013 1181 Cod.
1049 1133 1271 1182 Riccard
1274 1171 1859 1182 .............
1897 1152 2106 1200 oporan⁷

947 1257 971 1284 „
1049 1219 1342 1267 Vossianus
1371 1256 1858 1266 ...........
1897 1236 2104 1285 operan⁷

957 1344 980 1372 „
1057 1304 1461 1372 Bambergensis
1515 1342 1860 1354 ........
1899 1306 2158 1371 ephoram,

467 1410 604 1460 unde
637 1411 878 1477 suppleta
916 1427 1049 1477 quae
1087 1410 1351 1460 exciderat
1384 1411 1583 1477 syllaba
1602 1411 1644 1477 ⁹)
1683 1410 2001 1459 confidenter
2037 1427 2230 1475 repono
2259 1411 2580 1475 canephoram‚

468 1496 607 1562 quod
645 1501 1010 1564 argumentum
1057 1500 1108 1548 et
1155 1500 1363 1563 ingenio
1415 1502 1467 1548 et
1516 1501 1615 1548 arti
1651 1496 1966 1547 praxiteliae
2005 1499 2332 1562 aptissimum
2370 1514 2429 1546 eo
2468 1497 2515 1546 h.
2552 1497 2582 1545 l.

468 1587 626 1634 etiam
664 1588 837 1652 aptius
886 1586 1142 1653 redditur,
1192 1588 1436 1651 quoniam
1483 1590 1593 1635 tres
1640 1585 1759 1634 illae
1808 1588 2012 1632 statuae
2061 1587 2365 1633 coniunctae
2413 1602 2584 1633 mores

465 1676 730 1738 virginum
765 1677 840 1723 ita
874 1677 1200 1738 expressisse
1225 1673 1485 1739 videntur,
1522 1678 1583 1722 ut
1619 1677 1787 1739 prima
1821 1671 2050 1719 Palladis
2089 1688 2331 1720 coronam
2368 1677 2584 1737 teneret,

468 1759 633 1807 altera
667 1762 722 1807 in
759 1762 871 1808 eius
908 1775 1150 1826 pompam
1189 1776 1245 1807 se
1283 1764 1518 1826 ornaret⁷
1555 1763 1712 1808 tertia
1747 1758 1982 1806 modesto
2023 1758 2206 1806 decore
2243 1762 2465 1825 insignis
2505 1762 2587 1807 in-

467 1846 687 1896 cederet.
759 1846 907 1896 Talia
954 1850 1090 1896 enim
1136 1851 1443 1913 argumenta
1491 1849 1875 1913 comparatione
1929 1845 2252 1894 diversarum
2298 1845 2587 1911 figurarum

467 1935 943 1999 ingeniosissimum
1004 1933 1254 1982 artificem
1313 1932 1574 1982 declarare
1629 1933 1839 1982 solitum
1881 1931 2121 1982 Starkius
2173 1931 2203 1979 l.
2250 1949 2289 1979 e.
2350 1932 2588 1982 sollerter

469 2020 782 2069 observavit.

589 2292 622 2347 ⁹)
653 2297 825 2339 Similem
858 2297 897 2337 in
927 2297 1125 2351 explenda
1153 2298 1295 2339 lacuna
1325 2311 1495 2338 errorem
1527 2297 1767 2338 monumenti
1793 2296 1996 2347 Ancyrani
2026 2296 2257 2348 interpretes
2289 2296 2586 2337 commiserunt.

469 2373 547 2413 Ubi
578 2374 745 2422 tab.VI,
776 2388 878 2413 vers.
911 2375 950 2413 2.
984 2380 1023 2413 et
1054 2375 1096 2413 3.
1129 2374 1230 2413 inter
1261 2387 1375 2426 reges
1397 2374 1464 2425 qui
1491 2373 1542 2412 ad
1560 2374 1782 2425 Augustum
1809 2372 2007 2424 supplices
2031 2372 2287 2424 confugerant
2307 2372 2531 2411 nominatur

530 2445 613 2501 reg]
631 2449 709 2488 ES.
744 2445 1411 2504 BRITANN[orum.]1DAMNO.
1443 2448 1625 2486 BELLA
1657 2444 1868 2499 [unusque]
1903 2447 2093 2485 E'LTIM
2105 2477 2176 2486 .....
2190 2446 2349 2485 ORVM
2379 2447 2586 2486 MAELO.

471 2526 617 2565 Eadem
649 2525 784 2563 lacuna
817 2525 855 2562 in
880 2522 1033 2563 Graeco
1067 2523 1280 2575 exemplari
1310 2523 1389 2562 tab.
1421 2522 1534 2569 VIII,
1567 2523 1640 2562 eol.
1673 2524 1710 2562 6.
1744 2522 1946 2575 reperitur,
1976 2521 2043 2562 ubi
2075 2522 2172 2563 haec
2204 2528 2354 2564 tantum
2386 2524 2586 2577 leguntur:

1111 2595 1400 2637 ΝΩΝΔΟΜΙ
1427 2627 1436 2637 .
1469 2626 1479 2637 .
1512 2596 1866 2637 Ο.ΛΛΛΥΝΟΣ
1895 2627 1903 2636 .
1940 2627 1948 2635 .

597 2675 757 2714 K.le
784 2701 1148 2714 .........
1184 2673 1343 2712 ΒΡΟΝ
1368 2700 1378 2710 .
1410 2700 1419 2710 .
1453 2670 1669 2718 ΛΙΛΩΝ,

473 2749 577 2791 unde
597 2750 726 2803 gentis
747 2763 887 2789 nomen
903 2748 1076 2789 CIMBR
1093 2744 1267 2800 [ORVM
1297 2752 1337 2787 et
1357 2743 1500 2799 KIM]
1520 2745 1679 2786 BPON
1706 2745 1886 2786 effectum
1908 2754 1980 2795 est,
2012 2761 2178 2800 quorum
2210 2761 2343 2801 regem
2361 2748 2585 2788 Maelonem

472 2825 652 2877 ignotum
693 2839 779 2866 esse
820 2824 1030 2877 prudenter
1060 2823 1110 2863 A.
1141 2824 1206 2863 W.
1238 2823 1444 2875 Zumptius
1484 2822 1534 2861 ad
1564 2834 1667 2860 mon.
1699 2820 1851 2873 Ancyr.
1888 2834 1924 2872 p.
1958 2823 2026 2861 91.
2058 2823 2344 2862 animadvertit.
2406 2824 2461 2862 At
2492 2836 2584 2862 vero

474 2905 581 2958 apud
619 2902 849 2944 Strabonem
895 2900 989 2950 VII,
1029 2913 1066 2952 p.
1099 2900 1195 2939 292.
1244 2898 1345 2938 inter
1382 2911 1451 2938 eos
1491 2897 1648 2950 regulos
1689 2897 1756 2950 qui
1795 2896 2020 2937 Germanici
2064 2898 2302 2951 triumphum
2347 2904 2585 2938 exornarunt

474 2968 739 3035 Βαιιὸριγος
766 2974 845 3019 τοῦ
875 2973 1086 3023 Μέλωνος
1115 2966 1309 3031 ἀδελφοῦ
1338 2966 1453 3022 υἱὸς,
1493 2964 1780 3028 Σούγαμβρος
1816 2972 1963 3012 diserte
2001 2973 2233 3014 nominatur.
2294 2973 2436 3013 Nonne
2466 2973 2585 3026 igitur

474 3056 721 3098 manifestum
753 3060 831 3103 est,
868 3052 975 3106 apud
1005 3052 1233 3105 Sigambros
1264 3050 1364 3089 sicut
1392 3049 1497 3102 apud
1528 3049 1737 3101 plerasque
1769 3048 2055 3089 Germanorum
2084 3053 2223 3102 gentes
2256 3049 2417 3088 alteram
2449 3048 2584 3091 factio-

473 3147 564 3175 nem
604 3132 740 3172 amieis
779 3131 819 3171 in
849 3131 1049 3172 Romanos
1090 3127 1229 3170 animis
1268 3127 1430 3167 alteram
1472 3125 1636 3166 infensis
1676 3124 1820 3175 fuisse,
1860 3124 2002 3178 prioris
2040 3130 2171 3165 autem
2212 3131 2331 3177 eaput
2361 3124 2583 3164 Maelonem

474 3207 597 3248 fuisse
627 3208 696 3260 qui
725 3221 748 3246 a
771 3204 990 3259 'Baetorige
1021 3206 1141 3245 fratre
1171 3203 1361 3255 expulsus
1393 3202 1444 3242 ad
1474 3200 1701 3254 Augustum
1734 3200 1981 3254 confugerit?
2041 3201 2181 3252 ltaque
2224 3201 2491 3240 restiuendum
2523 3208 2585 3240 est

475 3278 759 3334 SVGAMBR]
783 3281 941 3322 ORVM
972 3279 1173 3321 MAELO.
