3028 4365
1488 556 1559 613 23

463 699 673 760 putavit
709 696 847 761 quod
881 697 1047 762 §144
1084 702 1344 765 reperitur
1377 703 1538 765 atque
1577 697 1749 758 addito
1781 700 2024 763 genetivo
2061 699 2358 747 declaravit.
2407 697 2584 759 Quum

462 782 625 848 igitur
659 785 715 831 in
750 785 931 849 primis
968 784 1354 851 exemplaribus
1388 785 1519 841 haec
1555 784 1876 850 legerentur:

814 906 907 955 ET
944 905 1348 957 CVRRENTIS
1387 905 1809 967 QVADRIGAS

814 993 908 1042 ET
945 986 1380 1045 VENATORES
1417 993 1573 1043 CVM
1608 991 1947 1043 CAPTVRA

1028 1075 1215 1112 EPICVRI

816 1141 908 1191 ET
944 1127 1310 1194 LEON'HON
1344 1140 1438 1192 ET
1477 1140 2088 1193 ANAPAVOMENEN

820 1228 1286 1303 EQXBQWER
1320 1226 1632 1279 FRATRIS
1668 1226 1989 1278 AMOREM

817 1318 998 1366 rrnM
1035 1317 1365 1366 LIBERVM
1401 1317 1495 1365 m*
1533 1315 1991 1365 ARTAMENEN

819 1406 1374 1459 SVPPLICANTEM
1410 1406 1654 1454 PAENE
1693 1405 1848 1454 CVM
1885 1406 2074 1457 VOCE

461 1535 662 1582 factum
711 1538 791 1580 est
837 1537 895 1581 ut
943 1549 1103 1580 versu
1148 1537 1332 1598 quarto
1384 1537 1436 1579 et
1473 1535 1653 1598 quinto
1691 1538 1874 1598 postea
1911 1535 2044 1581 male
2083 1535 2261 1583 relatis
2299 1537 2423 1584 ordo
2461 1553 2583 1584 ver-

463 1637 616 1670 suum
652 1624 1046 1686 permutaretur.

601 1759 793 1812 Seoetum
828 1774 995 1825 genus
1032 1758 1170 1824 quod
1217 1761 1272 1808 in
1319 1758 1498 1809 lacunis
1543 1758 1832 1825 indayandis
1867 1768 1908 1809 et
1942 1759 2146 1810 oratione
2179 1761 2416 1827 emptoris
2450 1763 2577 1814 resti·

460 1846 633 1900 tuenda
666 1849 911 1898 versatur
947 1850 999 1896 et
1034 1847 1311 1910 propterea
1345 1847 1400 1896 in
1434 1849 1731 1911 praesentia
1767 1845 2108 1897 differendum
2153 1865 2269 1899 esse
2318 1853 2577 1918 existimO,

462 1939 707 2000 quoniam
732 1938 786 1981 in
814 1937 880 1982 iis
909 1934 1055 1982 libris
1097 1933 1161 1981 de
1197 1932 1385 1996 quibus
1417 1951 1554 1980 nunc
1586 1937 1790 1997 agimus
1828 1952 1996 1998 pauca
2023 1939 2289 1984 nominum
2316 1942 2369 1984 et
2395 1956 2581 1986 nume-

460 2039 636 2070 rorum
668 2026 819 2087 signa
850 2037 983 2084 quae
1014 2020 1387 2067 interciderunt
1413 2024 1570 2090 tertio
1607 2037 1797 2086 genere
1827 2023 2326 2089 comprehendimus,
2356 2029 2579 2073 maiores

461 2113 636 2157 autem
673 2109 889 2164 lacunae
925 2111 1144 2155 inventu
1180 2108 1405 2154 fortasse
1423 2105 1600 2155 'minus
1626 2108 1863 2156 difficiles
1901 2113 1992 2156 aut
2027 2125 2144 2157 raro
2174 2115 2266 2158 aut
2293 2127 2579 2179 numquam

459 2201 534 2248 ita
573 2197 771 2262 expleri
807 2200 1075 2261 poterunt,
1111 2200 1171 2245 ut
1193 2196 1332 2244 ultra
1355 2195 1773 2260 probabilitatem
1794 2198 2036 2263 progredi
2059 2198 2224 2247 liceat.
2261 2199 2576 2265 Exemplum

460 2288 542 2335 est
577 2281 812 2349 XXXV,
851 2282 952 2349 96.,
987 2281 1077 2332 ubi
1112 2285 1167 2331 in
1202 2280 1377 2331 verbis

627 2403 796 2457 Fecit
840 2410 899 2456 et
941 2400 1403 2473 Neoptolemum
1447 2420 1519 2454 ex
1565 2420 1717 2473 equo
1764 2401 2045 2455 adversus
2075 2400 2305 2470 Persas,
2350 2402 2577 2458 Arche-

626 2502 787 2555 laum
844 2519 979 2554 cum
1034 2518 1215 2552 uxore
1275 2505 1334 2553 ct
1384 2498 1529 2566 filia,
1587 2498 1955 2573 Antigonum
2011 2499 2384 2555 thoracatum
2442 2522 2577 2557 cum

628 2620 780 2676 equo
826 2598 1201 2654 incedentem

461 2733 582 2796 post
616 2724 930 2775 vocabulum
966 2740 1076 2790 equo
1114 2726 1442 2789 participium
1479 2724 1687 2790 aliquod
1729 2726 2060 2775 intercidisse
2100 2728 2246 2776 velut
2274 2742 2578 2796 pchnantem,

459 2816 779 2874 dimicantem,
829 2811 1146 2861 confidenter
1181 2810 1492 2860 contendere
1536 2812 1681 2878 licet,
1739 2814 1892 2879 quale
1928 2815 2110 2883 fuerit,
2158 2820 2212 2863 in
2248 2821 2446 2867 incerto
2480 2821 2583 2868 lin-

464 2906 728 2972 quendum
766 2907 876 2951 erit.
