3028 4365
1461 544 1528 601 21

439 688 719 753 omittitur,
779 701 881 754 quo
940 686 1276 742 claudicantem
1329 686 1675 742 Philoctetam
1734 690 1926 741 artifex
1973 690 2059 741 ille
2104 689 2325 755 intelligi
2372 688 2555 755 voluit,

439 788 594 839 quem
629 771 832 823 Plinius
870 777 1137 848 auctorem
1173 778 1385 824 secutus
1422 778 1516 824 est.

581 887 808 941 Gravius
831 893 885 941 in
909 893 1082 958 priore
1111 887 1269 941 huius
1294 894 1548 942 enuntiati
1576 897 1724 958 parte
1753 895 1941 943 vitium
1965 898 2210 943 remanet.
2248 890 2396 954 Quae
2418 895 2554 942 enim

437 976 757 1044 praecedunt
790 977 953 1027 verba
988 977 1146 1028 eodem
1173 1008 1234 1014 —-
1262 977 1556 1028 Leontioewn
1580 981 1779 1044 primus
1805 979 2043 1046 Heynius
2076 996 2249 1046 opusc.
2268 978 2334 1044 V,
2371 995 2419 1044 p.
2439 979 2553 1029 371.

439 1080 558 1115 cum
593 1064 707 1114 loco
744 1063 1038 1115 Pausaniae
1073 1063 1166 1130 VI,
1202 1065 1259 1131 4,
1297 1065 1342 1114 2.
1379 1065 1624 1131 contulit,
1660 1065 1751 1115 ubi
1775 1064 2047 1132 Olympiae
2083 1066 2349 1116 Leontisci
2383 1065 2554 1115 lucta-

438 1156 568 1201 toris
592 1148 768 1204 statua
790 1170 909 1201 cum
935 1156 1152 1202 summis
1177 1156 1416 1202 stamarii
1444 1152 1685 1201 laudibus
1709 1157 2058 1220 coniungitur:
2082 1155 2173 1205 τὸν
2196 1156 2252 1205 δὲ
2274 1153 2555 1222 ἀνδριάντα

439 1240 754 1310 Πυθαγόρας
790 1243 1018 1306 ἐποίησεν
1056 1240 1084 1290 ὁ
1118 1240 1364 1310 Ῥηγῖνος,
1420 1242 1552 1306 εἴπερ
1597 1261 1671 1297 τις
1712 1243 1795 1291 καὶ
1840 1241 1982 1298 ἄλλος
2018 1241 2214 1311 ἀγαθὸς
2249 1242 2313 1291 τά
2350 1246 2396 1297 ἐς
2432 1247 2556 1290 πλα-

439 1327 630 1394 στικήν.
701 1327 886 1393 Itaque
934 1331 994 1375 ut
1031 1327 1199 1376 dicam
1246 1327 1385 1393 quod
1435 1330 1602 1375 sentio
1640 1327 1752 1375 Iani
1789 1331 1947 1394 ratio,
1996 1344 2152 1394 quam
2201 1327 2434 1393 Silligius
2482 1330 2556 1374 ita

438 1413 797 1481 comprobavit
840 1418 897 1464 ut
939 1429 1088 1464 suam
1133 1413 1472 1479 relinqueret,
1521 1413 1785 1464 Brunnius
1821 1414 1867 1480 Ι,
1919 1432 1964 1480 p.
2001 1416 2113 1465 134.
2151 1414 2423 1480 amplexus
2462 1418 2556 1478 est,

439 1502 566 1551 mihi
594 1517 697 1549 non
735 1502 1002 1550 satisfecit.

579 1618 763 1685 Neque
788 1621 924 1671 enim
947 1618 1153 1671 aliunde
1178 1621 1420 1671 novimus
1442 1618 1842 1685 pulcherrimam
1861 1618 2129 1672 Leontisci
2152 1623 2379 1671 statuam
2406 1618 2555 1670 alteri

438 1706 791 1775 posthabitam
828 1724 946 1758 esse
984 1725 1015 1757 a
1049 1706 1316 1758 veteribus
1352 1725 1523 1773 neque
1559 1706 1717 1758 Plinii
1744 1707 1922 1759 verbis
1953 1708 2208 1759 docemur.
2253 1707 2390 1758 Nam
2426 1707 2556 1757 haec

438 1792 647 1861 quidem
702 1795 874 1860 quivis
927 1796 1002 1844 ita
1055 1792 1300 1860 intelligit
1351 1796 1412 1844 ut
1464 1792 1795 1860 Pythagoras
1858 1794 2040 1845 eodem
2093 1796 2442 1861 pancratiaste
2504 1797 2558 1844 et

436 1882 713 1951 Myronem
742 1886 795 1931 et
823 1881 1159 1931 Leontiscum
1190 1880 1414 1930 artifices
1447 1885 1502 1930 in
1529 1884 1810 1931 certamine
1839 1899 2115 1948 superasse
2144 1881 2356 1931 dicatur.
2409 1881 2556 1931 Illius

436 1974 575 2020 enim
612 1970 713 2019 loci
750 1986 905 2035 quem
942 1985 1061 2017 cum
1097 1971 1277 2017 nostro
1313 1966 1472 2016 Ianus
1511 1972 1833 2034 comparavit
1867 1968 2102 2035 XXXV,
2149 1970 2228 2017 92.
2274 1969 2376 2017 alia
2422 1972 2555 2017 ratio

437 2063 518 2108 est
559 2088 618 2093 —-
647 2056 832 2123 Apelles
866 2056 1160 2105 inchoaverat
1192 2064 1232 2105 et
1267 2055 1414 2105 aliam
1438 2054 1659 2106 Venerem
1683 2054 1767 2106 Coi
1794 2066 2098 2122 superaturus
2118 2058 2314 2125 samam
2327 2056 2385 2122 ¹¹)
2423 2055 2555 2104 illam

437 2146 741 2213 superiorem,
792 2160 952 2210 quum
997 2144 1069 2193 ibi
1113 2143 1214 2193 duo
1264 2159 1422 2210 opera
1467 2146 1603 2192 inter
1650 2160 1707 2193 se
1752 2149 2142 2211 comparentur,
2194 2145 2277 2193 hic
2312 2161 2439 2194 vero
2485 2160 2553 2193 ex

437 2235 550 2284 Iani
587 2234 847 2282 sententia
881 2247 985 2280 non
1023 2231 1247 2279 artifices
1284 2230 1376 2279 sed
1414 2231 1606 2279 artifex
1643 2236 1695 2280 et
1732 2236 1907 2281 statua
1956 2237 2331 2298 comparentur.
2405 2231 2553 2292 Quae

438 2325 613 2372 autem
661 2337 691 2369 a
739 2322 867 2369 viris
916 2319 1082 2369 doctis
1133 2321 1460 2368 coniecturae
1507 2322 1804 2385 propositae
1854 2324 2001 2386 sunt,
2062 2337 2092 2368 a
2149 2319 2382 2369 codicum
2430 2336 2551 2370 mss,

435 2412 675 2475 vestigiis
712 2410 925 2458 nimium
972 2407 1233 2458 recedunt.
1307 2406 1645 2458 Thierschius
1682 2410 1736 2458 in
1775 2408 1952 2473 epoch.
1990 2425 2036 2474 p.
2065 2409 2181 2458 217.
2218 2407 2413 2458 eundem
2448 2407 2556 2458 vicit

437 2506 477 2546 et
503 2495 741 2546 Leontisco
779 2498 988 2560 scripsit
1026 2499 1078 2543 et
1107 2494 1427 2559 probabilem
1466 2498 1777 2543 sententiam
1816 2494 2007 2559 duplici
2045 2499 2331 2545 mutatione
2370 2495 2556 2561 effecit,

435 2585 672 2650 Heynius
710 2582 870 2631 verba
906 2585 1062 2630 eodem
1097 2582 1206 2630 vicit
1241 2581 1457 2647 delevit,
1497 2599 1630 2647 quae
1666 2583 1804 2638 unde
1842 2587 1956 2630 orta
1993 2583 2188 2632 fuerint
2225 2583 2364 2632 haud
2400 2584 2551 2631 facile

435 2671 763 2736 intelligitur,
811 2668 1042 2734 Silligius
1080 2670 1132 2717 in
1170 2667 1318 2717 catal.
1356 2685 1404 2732 p.
1430 2667 1547 2716 401.
1592 2667 1906 2718 vocabulum
1945 2668 2099 2718 eodem
2145 2672 2198 2718 in
2243 2669 2390 2734 idem,
2447 2668 2553 2718 vicit

434 2763 487 2807 in
509 2757 629 2825 fecit
665 2759 888 2804 mutavit
907 2755 980 2822 ¹²).
1051 2755 1250 2804 Verum
1300 2756 1456 2803 altius
1502 2756 1786 2820 repetenda
1831 2761 1912 2804 est
1956 2759 2072 2805 vitii
2108 2759 2267 2821 origo.
2341 2756 2550 2805 Scilicet

433 2847 636 2896 Plinius
672 2847 784 2911 ipse
820 2845 1041 2909 margini
1078 2859 1145 2891 ex
1182 2841 1281 2891 alio
1306 2845 1518 2891 auctore
1548 2841 1679 2891 haec
1707 2842 1870 2891 verba
1895 2842 2052 2892 eodem
2060 2843 2179 2911 fecit
2197 2852 2239 2892 et
2256 2842 2548 2891 Leonti-scum

436 2934 714 2999 adiecerat,
763 2948 896 2998 quae
932 2934 1053 2997 post
1087 2929 1343 2979 vocabula
1379 2928 1535 2979 eodem
1570 2929 1663 2978 loco
1700 2933 2077 2980 insererentur:
2125 2931 2336 2980 editoris
2374 2935 2547 2979 autem

560 3191 607 3244 ¹¹)
638 3193 777 3235 Obiter
807 3206 946 3233 moneo
977 3205 1055 3232 non
1081 3192 1225 3239 samam
1251 3189 1460 3243 legendum
1492 3202 1580 3229 esse
1612 3189 1683 3229 sed
1709 3190 1830 3237 sama.

561 3283 611 3340 12)
651 3286 756 3339 Quid
790 3286 833 3326 G.
865 3287 909 3326 F.
942 3286 1168 3325 Hermanus
1198 3283 1237 3323 in
1266 3282 1394 3323 annal.
1426 3282 1610 3323 Heidelb.
1647 3283 1779 3331 1828,
1810 3282 1906 3322 fasc.
1940 3283 1989 3331 8,
2022 3284 2118 3323 791.
2157 3283 2370 3323 coniecerit
2400 3284 2550 3337 ignoro,
