3028 4365
1471 585 1536 643 16

714 730 978 798 XXXIV,
1018 733 1101 782 63.
1173 727 1539 787 Nobilitatur
1582 728 1889 804 Lysippus
1948 737 2010 789 et
2052 731 2382 790 temulenta
2418 731 2565 788 tibi-

596 828 733 882 cina
792 834 852 882 et
903 826 1153 882 canibus
1199 847 1271 882 ac
1315 828 1656 894 venatione,
1708 828 1769 881 in
1820 828 2025 901 primis
2076 848 2215 884 vero
2268 829 2565 904 quadriga

594 947 729 981 cum
765 923 902 980 Sole
936 924 1324 998 Rhodiorum;
1369 926 1515 982 fecit
1554 933 1614 981 et
1645 927 2052 984 Alexandrum
2086 927 2372 1003 Magnum
2404 929 2560 984 mul-

594 1027 670 1080 tis
716 1025 1021 1099 operibUS,
1082 1045 1117 1079 a
1171 1026 1425 1100 pueritia
1481 1028 1607 1082 eius
1654 1046 1839 1083 orsus.
1929 1026 2124 1095 Quam
2167 1032 2428 1082 statuam
2471 1028 2561 1083 in-

595 1125 791 1181 aurari
850 1125 1022 1180 iussit
1079 1123 1240 1181 Nero
1310 1126 1590 1200 princeps
1660 1126 1995 1183 delectatus
2053 1125 2374 1183 admodum
2432 1127 2558 1200 illa3

596 1225 733 1280 dein
779 1244 914 1279 cum
958 1225 1146 1298 pretio
1194 1225 1448 1298 perisset
1491 1226 1685 1300 gratia
1729 1227 1894 1293 artiS,
1940 1226 2270 1281 detractum
2317 1234 2408 1282 est
2452 1247 2558 1282 au-
2632 1215 2637 1220 ’

594 1343 723 1377 rum
767 1323 1197 1398 pretiosiorque
1242 1325 1380 1379 talis
1426 1326 1901 1393 existimabatur,
1957 1327 2135 1383 etiam
2181 1327 2555 1384 cicatricibus

594 1423 790 1496 operis
837 1429 1016 1496 atque
1062 1425 1389 1478 concisuris
1433 1426 1492 1478 in
1537 1425 1752 1499 quibus
1786 1443 1993 1482 aurum
2023 1424 2218 1480 fuerat
2245 1443 2556 1480 remanen-

592 1522 769 1577 tibus.
838 1522 1007 1577 Idem
1050 1521 1194 1576 fecit
1237 1522 1746 1596 Hephaestionem
1791 1523 2117 1578 Alexandri
2160 1523 2364 1599 Magni
2409 1525 2556 1580 ami-

594 1641 753 1685 cum,
802 1640 978 1693 quem
1025 1621 1266 1692 quidam
1310 1620 1606 1693 Polyclito
1654 1621 2014 1676 adscribunt.

566 1729 816 1778 Offensus
868 1729 1054 1777 horum
1094 1732 1482 1777 enuntiatorum
1532 1729 1921 1777 incohaerentia
1965 1729 2225 1796 Bergkius
2272 1732 2437 1780 verba
2482 1735 2558 1780 ita

421 1818 746 1881 transposuit
781 1819 842 1863 ut
874 1830 1007 1880 quae
1040 1814 1102 1863 de
1122 1813 1411 1865 Alexandri
1448 1816 1633 1883 Magni
1670 1821 1722 1865 et
1758 1816 2165 1882 Hephaestionis
2203 1822 2393 1868 statuis
2430 1836 2554 1868 nar-

420 1908 602 1952 rantur
648 1905 1004 1969 coniungeret,
1044 1919 1159 1951 eam
1198 1908 1371 1952 autem
1412 1920 1568 1969 quam
1595 1904 1736 1953 Nero
1775 1907 2003 1954 inaurari
2040 1908 2194 1954 iussit
2231 1906 2554 1974 quadrigam,

421 1992 643 2041 Romam
684 1991 882 2039 scilicet
917 1990 1225 2039 translatam
1263 1992 1428 2041 fuisse
1468 1995 1806 2042 existimaret.
1852 1991 2049 2057 Utique
2086 1992 2218 2042 bene
2255 1996 2329 2042 ita
2358 1997 2554 2043 oratio-

419 2096 539 2128 nem
581 2079 860 2145 procedere
899 2078 1288 2127 concedendum
1328 2084 1423 2146 est,
1462 2080 1553 2130 scd
1592 2097 1762 2145 neque
1801 2079 2055 2145 quadriga
2091 2080 2223 2130 bene
2260 2085 2416 2131 unius
2442 2086 2554 2131 sta-

419 2171 541 2217 tuae
574 2169 780 2215 nomine
817 2165 1287 2232 comprehenditur,
1324 2172 1391 2233 et,
1431 2167 1570 2233 quod
1598 2170 1814 2232 gravius
1850 2171 1956 2232 est,
1996 2171 2109 2216 tum
2143 2184 2303 2233 quum
2334 2168 2553 2217 Rhodiis

418 2255 641 2304 Romani
680 2256 848 2319 magis
880 2270 1036 2318 quam
1064 2253 1180 2301 aliis
1212 2259 1486 2319 parcerent
1522 2259 1574 2302 et
1614 2257 1740 2302 artis
1778 2269 1937 2319 opera
1973 2257 2149 2303 omnia
2185 2255 2554 2321 relinquerent,

420 2342 471 2390 id
501 2341 640 2406 quod
667 2344 778 2406 ipse
806 2340 1066 2406 Bergkius
1093 2343 1144 2388 in
1173 2356 1356 2390 comm.
1378 2341 1440 2390 de
1466 2341 1766 2391 Laocoonte
1792 2358 1837 2407 p.
1868 2340 1962 2390 XI.
2000 2345 2290 2392 rectissime
2317 2342 2553 2392 animad-

419 2431 602 2495 vertit,
640 2427 937 2477 incredibile
969 2427 1180 2478 videtur
1202 2428 1422 2478 Rhodiis
1455 2431 1568 2479 eius
1597 2428 1680 2478 dei
1712 2431 1990 2494 imaginem
2019 2431 2103 2478 cui
2133 2430 2356 2480 insulam
2385 2434 2551 2480 totam

420 2521 856 2567 consecraverant
877 2534 907 2565 a
919 2516 1128 2566 Nerone
1146 2516 1386 2583 ablatam,
1401 2517 1564 2566 multo
1584 2519 1738 2566 etiam
1754 2515 2127 2583 incredibilius,
2142 2517 2279 2582 quod
2290 2517 2550 2587 Bergkius

419 2607 743 2670 suspicatur,
782 2603 846 2652 ab
884 2607 1012 2670 ipsis
1048 2608 1268 2670 principi
1304 2605 1442 2654 ultro
1481 2604 1615 2653 dono
1656 2603 1830 2652 datam
1867 2604 2045 2670 fuisse.
2100 2604 2180 2653 Ne
2212 2605 2310 2654 hoc
2341 2605 2549 2670 quidem

416 2695 532 2741 viro
583 2691 884 2740 doctissimo
936 2691 1186 2757 concedO,
1256 2690 1393 2756 quod
1452 2708 1482 2738 a
1527 2693 1682 2739 tertio
1732 2692 2000 2739 enuntiato
2052 2691 2337 2740 secundum
2378 2695 2549 2758 excipi

417 2782 653 2846 potuisse
693 2782 901 2828 omnino
939 2782 1178 2847 negavit,
1215 2778 1286 2827 ibi
1315 2781 1452 2826 enim
1487 2778 1709 2843 plurima
1734 2775 2023 2826 Alexandri
2051 2777 2234 2844 Magni
2272 2779 2551 2829 simulacra

417 2866 804 2932 comprehendi,
828 2867 911 2915 hic
933 2883 1060 2915 vero
1083 2866 1147 2915 de
1167 2884 1273 2917 una
1296 2867 1469 2930 aliqua
1490 2871 1666 2915 statua
1688 2869 1787 2931 agi.
1823 2864 1957 2913 Nam
1982 2883 2138 2930 quam
2159 2866 2298 2915 Nero
2319 2870 2549 2917 inaurari

414 2955 591 3017 iussit,
629 2951 921 3002 Alexandri
958 2955 1107 3018 pueri
1136 2955 1307 3017 imago
1334 2952 1457 3017 fuit,
1495 2952 1547 3001 id
1578 2952 1716 3016 quod
1746 2955 1874 3001 satis
1902 2951 2145 3002 distincte
2174 2957 2225 3003 et
2254 2970 2315 3003 ea
2346 2970 2450 3020 qua
2468 2956 2547 3005 uti

414 3041 548 3090 solet
590 3039 848 3088 brevitate
878 3039 1081 3088 Plinius
1120 3039 1318 3087 ultimis
1356 3038 1532 3087 verbis
1569 3056 1601 3087 a
1630 3038 1837 3104 pueritia
1871 3038 1969 3087 eius
2005 3055 2138 3088 orsus
2174 3040 2436 3089 indicavit.

555 3145 920 3209 Transpositio
959 3143 1098 3192 haud
1137 3144 1292 3192 dubie
1322 3143 1575 3192 utendum
1606 3146 1705 3191 erit
1744 3146 1796 3190 in
1830 3143 1992 3190 altero
2025 3143 2165 3209 loco,
2203 3144 2266 3192 de
2310 3161 2413 3209 quo
2445 3146 2545 3194 ibi-

411 3233 529 3283 dem
548 3231 811 3297 Bergkius
838 3230 1144 3298 disputavit,
1172 3230 1266 3280 sed
1290 3229 1611 3295 simpliciore
1644 3246 1800 3294 quam
1822 3247 1956 3296 quae
1983 3233 2097 3279 viro
2124 3233 2544 3297 ingeniosissimo

410 3319 619 3386 placuit.
