3028 4365
1454 588 1520 643 12

423 729 605 777 relicta
642 733 782 794 sunt,
821 731 1116 777 accuratius
1153 729 1485 794 perlustratis
1522 729 1609 778 ille
1647 730 1840 795 solvet,
1890 730 2054 780 altera
2090 732 2318 782 fortasse
2354 732 2548 784 codicis

422 813 669 863 Vossiani
713 814 936 863 lectione
973 812 1187 863 tollitur.
1248 812 1460 864 Scilicet
1496 818 1666 864 totum
1703 832 1836 880 opus
1872 814 2143 866 CXXXX
2178 817 2337 882 pedes
2387 817 2551 868 altum

420 899 522 948 fuit
560 902 612 948 et
648 899 906 949 trifariam
934 898 1271 949 distributum
1309 903 1383 950 ita
1418 904 1479 950 ut
1516 905 1703 966 pteron
1741 906 1793 951 et
1829 906 2059 969 pyramis
2096 903 2370 954 altitudine
2406 908 2552 971 paria

420 984 726 1050 quadrigam
765 988 1097 1035 sustinerent.
1171 986 1374 1046 Quodsi
1408 991 1571 1052 igitur
1607 993 1794 1054 pteron
1839 993 2027 1055 viginti
2074 994 2302 1055 quinque
2345 995 2551 1041 tantum

420 1071 625 1121 cubitos
673 1073 838 1121 altum
886 1073 1015 1141 fuit,
1066 1078 1156 1140 qui
1204 1077 1421 1141 triginta
1472 1080 1673 1142 septem
1719 1076 1910 1143 pedum
1957 1083 2009 1127 et
2057 1081 2215 1127 semis
2251 1094 2551 1128 mensuram

421 1159 682 1227 efficiunt,
722 1161 899 1210 addita
935 1162 1202 1229 pyramide
1239 1162 1399 1228 pedes
1438 1163 1692 1214 habemus
1731 1169 2066 1231 septuaginta
2102 1169 2356 1232 quinque„
2380 1168 2458 1214 ita.
2491 1170 2552 1214 ut

424 1246 708 1312 quadrigae
747 1247 908 1313 pedes
947 1252 1226 1319 sexaginta
1248 1251 1478 1313 quinq-ue
1519 1250 1900 1315 relinquantur:
1939 1250 2077 1315 quod
2115 1249 2397 1300 absurdum
2434 1264 2551 1299 esse

421 1337 652 1399 apparet.
671 1332 851 1399 Atque
884 1337 958 1384 sic
979 1334 1144 1384 XXV
1163 1334 1324 1385 cubitis
1355 1353 1472 1385 cum
1494 1337 1873 1404 Bambergensi
1904 1355 2083 1388 omnes
2104 1341 2311 1404 praeter
2328 1335 2552 1386 Vossia-

421 1438 547 1470 num
582 1422 790 1487 legunt:
840 1422 924 1471 hic
963 1427 1138 1472 autem
1175 1422 1334 1472 habet
1372 1424 1539 1489 vz'yintz‘
1577 1423 1685 1474 ,XX
1723 1425 1884 1475 cubitis
1921 1429 1950 1475 i.
1990 1442 2031 1475 e.
2077 1425 2304 1475 XXXX
2340 1424 2549 1490 cubitis,

420 1513 563 1556 recte
592 1508 732 1556 haud
764 1509 931 1556 dubie.
985 1509 1224 1574 Namque
1256 1526 1417 1573 quum
1456 1514 1530 1558 ita
1561 1517 1829 1579 octoginta
1859 1513 2022 1561 cubiti
2051 1514 2098 1560 h.
2131 1530 2171 1561 e.
2200 1512 2360 1578 pedes
2396 1510 2552 1560 CXX

422 1596 764 1661 efficianturf
793 1595 1047 1661 quadriga
1089 1597 1278 1662 pedum
1316 1597 1429 1645 XX
1478 1600 1643 1648 fuisse
1694 1602 1926 1667 putanda
1971 1606 2074 1667 est,
2125 1616 2258 1666 quae
2306 1615 2553 1648 mensura

421 1686 474 1731 et
513 1686 846 1749 symmetriae
883 1683 1089 1748 legibus
1127 1688 1336 1750 egregie
1376 1687 1658 1751 respondet
1708 1693 1761 1737 et
1798 1688 2019 1753 singulis
2055 1687 2338 1755 pyramidis
2375 1686 2553 1753 gradi-

418 1767 517 1817 bus
569 1768 894 1818 altitudinem
943 1768 1031 1818 dat
1080 1769 1271 1835 pedum
1315 1771 1366 1820 II
1398 1772 1459 1835 S,
1506 1789 1662 1837 quam
1711 1777 1951 1824 veterum
1987 1777 2109 1823 usui
2146 1778 2552 1824 consentaneam

418 1870 535 1905 esse
576 1859 729 1922 periti
767 1857 1073 1923 intelligent.

1418 1991 1538 2070 VII.

559 2131 703 2180 Inter
740 2149 903 2181 aenea
940 2133 1224 2182 Praxitelis
1262 2150 1422 2198 opera
1477 2134 1679 2183 Plinius
1719 2132 1975 2199 Graecos,
2022 2139 2083 2182 ut
2133 2134 2367 2199 videtur,
2404 2137 2551 2182 cata-

417 2218 568 2283 logos
607 2223 659 2267 et
694 2219 922 2268 fortasse
960 2219 1243 2268 Pasitelem
1285 2226 1498 2269 secutus
1537 2220 1772 2270 laudavit
1807 2220 2071 2286 XXXIV,
2111 2221 2190 2269 70.

704 2319 854 2373 Item
900 2321 1353 2394 stephanusfflli,
1401 2323 1798 2395 spilumenen‚
1844 2322 2265 2395 oenophorum.

561 2434 644 2481 Ita
682 2437 818 2482 enim
853 2435 1090 2500 Silligius
1121 2440 1390 2501 scriptoris
1427 2437 1591 2485 verba
1614 2439 1901 2500 constituit,
1939 2453 2099 2499 quum
2131 2440 2286 2484 antea
2316 2436 2379 2484 de
2405 2436 2553 2484 Hora

421 2521 508 2570 vel
559 2520 735 2585 Opora
785 2524 1072 2586 cogitatum
1123 2527 1291 2587 esset,
1350 2539 1535 2573 verum
1588 2526 1661 2572 ita
1707 2528 1767 2573 ut
1813 2528 2038 2587 primum
2082 2527 2287 2573 tantum
2332 2522 2551 2573 verbum

423 2605 633 2672 probari
680 2609 860 2671 possit.
936 2607 1232 2658 Secundum
1282 2627 1467 2658 nomon
1526 2608 1583 2658 O.
1632 2608 1847 2658 Iahnius
1904 2613 1955 2658 in
2003 2609 2179 2659 diariis
2229 2609 2552 2674 arohaeolog.

422 2693 524 2743 vol.
552 2692 697 2758 VIII,
736 2710 781 2757 p.
807 2693 917 2742 192.
950 2694 1089 2743 felici
1126 2694 1484 2750 emendatione
1524 2699 1575 2744 in
1604 2695 1921 2760 pseliumenen
1959 2695 2342 2763 (φελιουμὲνην)
2380 2701 2554 2745 muta-

422 2784 517 2847 vit,
556 2783 585 2829 i.
615 2796 654 2829 e.
694 2781 965 2830 mulierem
1004 2782 1256 2831 armillam
1294 2782 1610 2849 induentem,
1648 2800 1804 2848 quam
1844 2786 2070 2850 speciem
2108 2784 2357 2833 nonnulla
2393 2799 2555 2833 aenea

423 2868 599 2934 sigilla,
637 2867 909 2917 exhibent:
944 2871 1153 2918 tertiam
1193 2874 1420 2918 statuam
1451 2870 1718 2920 Brunnius
1749 2873 1802 2919 in
1827 2871 1947 2920 hist.
1975 2871 2154 2920 artific.
2177 2870 2356 2921 Graec.
2392 2870 2494 2920 vol.
2516 2869 2554 2919 I.

422 2974 469 3022 p.
494 2956 610 3005 339.
650 2955 872 3004 eundem
910 2956 1056 3005 illum
1083 2955 1329 3023 Satyrum
1354 2957 1520 3006 fulssc
1548 2961 1783 3025 coniecit,
1823 2975 1978 3023 quem
1996 2958 2300 3024 periboeton
2321 2959 2554 3025 appella-

420 3044 569 3109 bant,
623 3047 675 3092 et
723 3059 880 3109 quem
927 3044 1168 3093 adstante
1206 3043 1476 3093 Ebrietate
1527 3046 1756 3111 nympha
1804 3045 2011 3095 Baccho
2059 3046 2303 3111 poculum
2349 3045 2555 3096 dedisse

420 3132 551 3181 locis
589 3131 747 3180 Plinii
770 3130 1035 3199 XXXIV,
1065 3133 1147 3181 69.
1186 3136 1238 3181 et
1277 3132 1571 3182 Pausaniae
1608 3132 1648 3198 1,
1687 3134 1768 3182 20.
1806 3135 1942 3182 inter
1979 3150 2036 3183 se
2074 3136 2387 3200 comparatis
2423 3133 2555 3183 bene

428 3220 810 3269 demonstravit
860 3220 1103 3270 Starkius
1152 3224 1204 3269 in
1255 3221 1388 3270 stud.
1436 3221 1690 3270 archaeol.
1740 3239 1786 3287 p.
1828 3221 1905 3269 19.
1978 3222 2175 3271 Verum
2223 3239 2392 3288 neque
2428 3221 2556 3271 illud

419 3308 702 3356 verisimile
740 3308 970 3373 videtur,
1019 3308 1239 3357 eandem
1287 3313 1516 3358 statuam
1566 3308 1646 3357 bis
1695 3313 1748 3358 in
1787 3309 1968 3358 eadem
2007 3313 2198 3375 pagina
2235 3327 2266 3358 a
2303 3313 2555 3376 scriptore
