3028 4365
1437 558 1500 613 17

1415 786 1515 865 IX.

552 947 789 1016 XXXV,
830 952 907 999 71.
962 950 1229 1000 Parrhasii
1274 952 1592 1018 superbiam,
1641 957 1918 1018 postquam
1962 952 2184 1017 plurima
2220 955 2332 1002 eius
2369 969 2528 1019 opera

415 1040 769 1103 enumeravit,
805 1037 889 1086 his
923 1037 1100 1087 verbis
1138 1039 1432 1106 descripsit:

577 1155 720 1211 item
745 1154 1064 1229 TelephUS,
1110 1156 1391 1223 Achilles,
1437 1157 1874 1231 Agamemnon,
1919 1155 2139 1211 UlixeS.
2208 1157 2255 1212 F
2261 1159 2526 1216 ecundus

581 1252 815 1321 artifex,
874 1254 982 1309 sed
1038 1276 1154 1329 quo
1207 1275 1382 1310 nemo
1439 1255 1787 1310 insolentius
1845 1262 1903 1309 et
1958 1257 2327 1330 arrogantius
2382 1277 2525 1313 usus

581 1354 657 1407 sit
702 1354 891 1427 gloria
935 1355 1104 1425 artis3
1148 1373 1403 1429 namque
1451 1361 1510 1409 et
1547 1356 1902 1429 cognomina
1946 1356 2268 1428 usurpavit,
2313 1355 2530 1410 habro-

583 1453 844 1507 diaetum
888 1472 951 1507 se
998 1454 1357 1527 appellando
1405 1454 1651 1527 aliisque
1696 1454 1964 1509 versibus
2017 1454 2343 1527 principem
2389 1456 2529 1510 artis

581 1559 641 1607 et
697 1571 829 1607 eam
882 1572 916 1605 a
969 1572 1032 1607 se
1084 1558 1579 1617 consummatam,
1641 1571 1819 1624 super
1872 1553 2070 1607 omnia
2113 1551 2407 1624 Apollinis
2466 1572 2528 1607 se

580 1650 777 1705 radice
824 1657 1017 1704 ortum
1067 1657 1127 1704 et
1169 1648 1516 1716 Herculem,
1576 1651 1675 1724 qui
1733 1659 1823 1705 est
1873 1650 2075 1716 Lindi,
2133 1650 2316 1704 talem
2375 1671 2410 1704 a
2466 1671 2530 1706 se

578 1752 829 1825 pictum,
891 1751 1127 1825 qualem
1185 1768 1366 1823 saepe
1414 1750 1479 1804 -in
1525 1751 1720 1825 quiete
1778 1751 2050 1822 vidisset3
2111 1769 2251 1826 ergo
2296 1752 2529 1827 magnis

578 1851 875 1926 suffragiis
922 1856 1233 1923 superatus
1280 1868 1315 1903 a
1345 1848 1659 1905 Timanthe
1699 1848 1860 1906 Sami
1889 1852 1949 1906 in
1976 1850 2161 1906 Aiace
2208 1869 2530 1906 armorum-

578 1971 691 2025 que
737 1951 953 2006 iudicio
998 1950 1191 2005 herois
1235 1953 1468 2004 nomine
1499 1968 1561 2005 se
1596 1950 1844 2006 moleste
1875 1950 2025 2006 ferre
2060 1950 2323 2018 dicebat,
2371 1951 2530 2026 quod

575 2050 786 2105 iterum
818 2050 893 2105 ab
923 2049 1167 2122 indigno
1202 2049 1393 2103 victus
1440 2056 1614 2103 esset.
1668 2048 1865 2104 Pinxit
1890 2057 1950 2104 et
1977 2050 2299 2106 minoribus
2336 2051 2530 2106 tabel-

576 2148 647 2203 lis
690 2148 989 2214 libidines,
1036 2166 1106 2202 eo
1153 2167 1367 2221 genere
1412 2148 1735 2220 petulantis
1780 2150 1896 2204 ioci
1932 2168 1994 2204 se
2027 2149 2312 2205 reficiens.
2372 2149 2528 2205 Nam

578 2246 877 2301 Timanthi
943 2246 1036 2301 vel
1099 2246 1414 2319 plurimum
1472 2245 1662 2300 adfuit
1715 2247 1967 2321 ingenii;
2038 2248 2162 2302 eius
2226 2249 2380 2303 enim
2438 2256 2529 2304 est

576 2345 885 2421 Iphigenia
928 2365 976 2400 e.
1023 2366 1076 2420 q.
1122 2365 1166 2400 s.

549 2492 693 2540 Haec
740 2494 813 2540 ita
858 2496 918 2540 ut
971 2495 1180 2540 exstant
1224 2492 1349 2540 ferri
1397 2508 1500 2541 non
1548 2508 1704 2557 posse
1740 2491 1998 2556 Bergkius
2046 2509 2092 2557 p.
2145 2493 2188 2540 9.
2239 2496 2523 2561 perspexit,

411 2596 569 2645 quum
606 2578 768 2628 verba
803 2594 907 2644 erqo
941 2586 1185 2643 superatus
1232 2595 1350 2627 cum
1395 2579 1484 2627 illo
1523 2581 1789 2627 enuntiato
1824 2577 1959 2626 Nam
1993 2577 2232 2627 Timanthi
2266 2583 2524 2629 artissime

411 2666 734 2718 cohaereant.
792 2665 975 2732 Itaque
1013 2665 1123 2715 illa:
1159 2664 1322 2716 Pinxit
1357 2706 1367 2716 .
1390 2705 1400 2714 .
1426 2705 1436 2715 .
1462 2705 1472 2714 .
1510 2665 1714 2732 reficiens
1745 2670 1928 2732 postea
1952 2669 2006 2715 in
2030 2669 2265 2732 margine
2293 2684 2324 2715 a
2353 2666 2522 2717 Plinio

411 2754 614 2806 adiecta
671 2770 787 2804 esse
845 2756 1069 2820 putavit:
1145 2793 1169 2821 „
1188 2770 1348 2820 quum
1404 2754 1526 2822 hoc,
1591 2753 1729 2820 quod
1785 2752 1922 2820 apud
1976 2753 2202 2820 aliquem
2257 2760 2523 2805 auctorem

413 2844 670 2911 „legisset
707 2846 760 2896 et
794 2843 1042 2890 memoria
1078 2841 1290 2907 dignum
1327 2842 1601 2907 iudicaret,
1650 2841 1839 2889 addere
1873 2841 2034 2889 vellet
2078 2841 2200 2890 huic
2248 2841 2383 2907 loco,
2433 2842 2522 2891 ubi

412 2930 720 3000 „Parrhasii
766 2931 1031 2995 ingenium
1081 2932 1134 2978 et
1177 2944 1348 2978 mores
1393 2926 1711 2994 descripsit.“
1787 2925 1918 2988 Quis
1974 2931 2150 2976 autem
2201 2928 2286 2976 ille
2340 2933 2522 2978 auctor

408 3019 591 3084 fuerit,
629 3033 698 3066 ex
732 3019 796 3066 iis
833 3032 966 3081 quae
997 3015 1277 3066 Suetonius
1314 3017 1545 3064 narravit
1587 3018 1824 3080 apparet,
1873 3014 2071 3063 scilicet
2108 3014 2294 3079 aliquis
2331 3018 2420 3080 qui
2458 3015 2520 3064 de

410 3104 605 3154 Tiberii
654 3107 767 3152 vita
809 3103 998 3152 librum
1042 3106 1413 3168 composuerat.
1484 3100 1724 3166 Namque
1765 3100 2049 3148 Atalanten
2096 3099 2362 3149 Parrhasii
2406 3103 2522 3150 foe-

411 3193 534 3243 dum
583 3197 635 3241 et
679 3194 893 3258 pictoris
941 3195 994 3240 et
1038 3192 1284 3257 principis
1331 3188 1557 3237 libidinis
1609 3188 1905 3254 exemplum
1952 3204 1983 3236 a
2032 3187 2238 3237 Tiberio
2285 3188 2521 3239 cubiculo

410 3281 669 3331 inclusum
732 3295 847 3329 esse
910 3277 1171 3344 perhibuit
1233 3276 1374 3327 Suet.
1429 3275 1538 3325 Tib.
1595 3293 1636 3325 c.
1680 3277 1761 3324 44.
1849 3275 2004 3326 Hunc
2062 3292 2189 3325 vero
2258 3280 2523 3326 auctorem

2217 3363 2238 3394 a
